3340 5150
330 504 364 552 aa
392 538 394 543 .
633 498 798 551 aurnuns
819 481 1174 549 arnnasumunusrs.

315 667 570 745 transmitteret,
600 665 656 748 qui
678 665 722 727 eis
753 663 932 745 ostenderet
953 666 1037 727 viam
1066 667 1220 747 veritatis3
1252 676 1281 727 et
1309 666 1440 749 professi

331 760 404 814 sunt
425 771 458 812 se
480 747 559 812 velle
581 747 729 810 recedere
751 770 770 808 a
786 748 941 830 paganico
957 750 1018 810 rit'u
1041 760 1072 811 et
1091 752 1236 831 :ueeipere
1258 749 1440 833 religionem

288 879 291 882 -
331 833 579 911 christianitatis3
602 843 633 894 et
655 829 706 893 ille
729 833 888 893 consensit
909 833 1121 914 deprecationi
1151 838 1258 895 omnm
1286 844 1315 895 et
1342 844 1439 895 trans-

330 918 416 979 misit
447 913 655 978 Adalberturu
692 915 877 996 episcopum
910 915 970 976 tide
1005 914 1209 983 catholicum:
1245 915 1350 999 illique
1383 939 1440 1000 per

330 1002 436 1062 omnia
458 997 580 1060 mentiti
601 1007 687 1077 sunt,
706 999 788 1059 sicut
810 1006 921 1080 postea
942 1009 1072 1060 eventus
1095 1002 1138 1061 rei
1165 1000 1318 1083 probarit.

413 1083 488 1144 bttl.-
513 1081 578 1142 Isto
608 1102 690 1147 anuo
718 1082 871 1142 venerunt
898 1082 1001 1142 nuncii
1031 1082 1070 1143 ad
1101 1106 1206 1163 regem
1232 1088 1381 1144 (trannin
1411 1093 1440 1144 ct

330 1175 524 1228 vocaverunt
551 1164 624 1227 eum
646 1164 780 1225 Romam
807 1164 840 1224 in
870 1163 1060 1227 adiutorium
1089 1166 1236 1227 iohannis
1261 1188 1377 1248 papae,
1407 1178 1439 1227 ut

329 1250 487 1331 mitigaret
508 1249 709 1310 severitatem
731 1245 896 1308 Adalberti
922 1248 1019 1328 rogia,
1051 1271 1145 1331 quam
1173 1250 1317 1311 exercuit
1346 1271 1440 1332 super

330 1331 553 1395 monarchiam.
607 1328 727 1413 'Illoque
749 1328 942 1413 apostolicus
963 1341 1123 1414 gratanter
1151 1355 1222 1398 eum
1248 1333 1384 1415 suscepit
1410 1346 1439 1393 et

330 1415 500 1479 honorifico
523 1411 689 1475 collocavit
712 1435 807 1497 super
830 1411 1012 1475 cathedram
1035 1414 1209 1497 augustalis
1233 1416 1438 1498 principatus,

328 1501 480 1582 auxitque
503 1499 691 1581 supereum
714 1495 911 1578 augustalem
934 1495 1196 1577 benedictionem,
1219 1510 1254 1559 ut
1269 1500 1439 1580 imperator

329 1593 482 1665 augustus
502 1590 670 1643 vocaretur
692 1590 730 1655 et
745 1592 835 1641 esset..
1119 1658 1121 1661 v
1271 1624 1277 1636 ,

376 1692 378 1696 ,
412 1665 504 1729 6621.
530 1662 686 1724 Guntheri
708 1660 813 1725 abba²
837 1661 929 1740 obiit3
954 1663 1003 1722 cni
1027 1666 1178 1725 suecessit
1200 1663 1376 1745 Egiliolfus.

412 1747 483 1809 aba
506 1745 577 1806 Hoc
599 1767 680 1807 :nmo
704 1766 855 1825 magnum
883 1743 1022 1807 sinodale
1050 1746 1223 1807 ctrrnediuru.
1247 1748 1363 1807 tactum
1392 1758 1438 1808 est

290 1832 292 1835 ’
329 1832 430 1893 Roma
452 1833 484 1891 in
505 1828 637 1891 eeclesia
651 1830 760 1890 'sarreti
775 1828 873 1905 Petri3
896 1826 1002 1940 ibique
1025 1830 1224 1911 praesidebat
1244 1835 1318 1890 uun
1342 1832 1438 1911 irnpe-

329 1923 413 1976 rator
428 1924 581 1995 augustus
596 1933 670 1972 curu
684 1932 800 1995 magna
815 1908 1013 1989 multitudiue
1029 1908 1260 1995 episcoporum,
1277 1911 1437 1975 abbatum.
1489 1910 1493 1917 ”

329 1996 553 2060 monachorum
589 2014 626 2056 ae
664 1993 863 2072 elericorum3
903 1992 1028 2075 illicque
1057 1994 1249 2057 ¹Berredietus
1285 2017 1369 2077 papa
1398 1994 1437 2053 ab

328 2077 502 2162 apostoliea
524 2077 598 2144 sede
621 2077 760 2139 deiectus
783 2088 839 2156 est,
862 2098 898 2139 co
923 2077 1008 2158 quod
1024 2078 1136 2140 iniuste
1155 2079 1326 2139 vindicarit
1344 2076 1437 2139 subii-

279 2233 288 2248 x
329 2164 469 2225 mitatem
497 2161 631 2223 Romani
662 2162 802 2244 imperii,
830 2169 861 2222 et
890 2159 1056 2240 hdaldago
1086 2162 1323 2244 archiepiscopo
1356 2183 1437 2221 conr-

328 2247 442 2307 missus
465 2248 497 2306 iu
520 2244 755 2327 Saxeuiumque
777 2242 942 2322 deductus,
967 2242 1090 2326 illicque
1113 2247 1210 2305 vitam
1241 2246 1352 2311 finivit,
1396 2244 1423 2304 Ε

281 2356 291 2368 ·
329 2331 451 2412 inipso
479 2349 560 2388 anno
588 2350 665 2389 sera
686 2325 859 2388 mortalitas
889 2328 1003 2388 invasit
1027 2329 1199 2389 exercitum
1229 2328 1437 2409 impera-toris,

329 2413 413 2473 etin
436 2433 473 2472 ea
490 2411 656 2472 Heinrieus
679 2410 935 2492 archiepiscopus
951 2409 1138 2470 Trevericac
1161 2411 1296 2471 civitatis
1319 2424 1349 2471 et
1371 2410 1437 2471 dux

330 2493 521 2555 Getiefridus
544 2493 640 2555 vitam
664 2491 868 2575 perdiderunt
890 2492 985 2553 ceteri
1011 2514 1049 2553 ue
1071 2514 1135 2553 non
1157 2494 1260 2574 pauci.
1312 2560 1314 2567 q

412 2579 482 2638 aba
504 2577 568 2643 isto
592 2597 674 2637 anno
691 2575 901 2653 Berengarius
916 2514 1271 2656 rexiangobndornn
1288 2575 1435 2636 obsessus
1458 2642 1460 2647 ,

329 2662 361 2723 in
387 2672 493 2721 monte
517 2660 626 2720 Sancti
648 2658 772 2734 Leonia
787 2657 903 2739 ibique
934 2668 1044 2739 eaptus
1074 2669 1105 2739 ct
1133 2680 1205 2719 cum
1226 2660 1257 2719 vi
1282 2658 1436 2720 deductus

330 2764 392 2804 una
419 2763 491 2804 eum
518 2743 629 2824 regina
658 2743 724 2803 eius
754 2739 977 2804 cohabitatrice
1000 2738 1096 2802 Willa
1125 2742 1157 2821 in
1187 2742 1365 2803 Baioariaru
1396 2741 1436 2803 ad
1504 2760 1506 2763 ·
1534 2760 1536 2763 ·

217 2884 223 2887 Α
252 2840 269 2867 ·“
329 2824 489 2888 castellum
524 2823 726 2907 Baveuberg,
762 2823 869 2908 ibique
905 2823 1112 2887 novissimum
1145 2824 1228 2886 diem
1261 2826 1436 2908 praeacutis

184 2958 187 2961 -
244 2969 249 2975 .
329 2910 411 2971 vitae
433 2908 561 2970 dimisit.
958 2934 961 2938 ⁴

257 3001 319 3046 Mt.
411 2994 482 3054 thia.
507 2991 582 3052 utto
605 2992 775 3072 imperator
796 2990 834 3051 de
850 2988 1073 3071 Langobardia
1095 2991 1180 3053 venit
1201 2988 1435 3052 adbraneone-

329 3075 397 3151 fort,
421 3085 451 3138 et
474 3073 560 3136 illum
582 3095 699 3135 amnuu
721 3074 877 3153 integrum
906 3073 938 3134 in
967 3094 1063 3156 regno
1088 3074 1251 3134 Saxonum
1279 3073 1435 3154 manebat,
1456 3072 1461 3081 ⁸

329 3158 516 3241 interimque
540 3178 647 3219 omnes
664 3177 736 3217 suos
753 3155 906 3217 adunavit
920 3155 961 3218 ad
983 3177 1094 3239 pacem
1119 3156 1204 3217 etad
1220 3156 1433 3237 eoncordia1n3

328 3250 359 3303 et
380 3241 467 3302 Brun
496 3241 753 3324 archiepiscopus
775 3238 984 3321 Agrippinae,
1000 3239 1153 3316 civitatis,
1180 3239 1276 3300 frater
1302 3242 1435 3323 impera-

214 3396 220 3402 ,
268 3340 270 3347 ‘
328 3325 413 3401 toris,
436 3325 532 3385 vitam
555 3345 625 3384 curn
649 3344 727 3405 pace
750 3321 861 3383 finivit.
1115 3354 1118 3361 ·
1283 3350 1288 3358 Δ
1311 3367 1314 3371 .

268 3420 272 3425 ’
410 3406 480 3470 aba.
506 3404 622 3468 [terum
644 3406 741 3467 tercia
762 3406 832 3466 rice
854 3403 933 3467 abiit
943 3405 1023 3475 Otto
1046 3404 1217 3484 imperator
1239 3404 1280 3466 ad
1301 3405 1433 3485 Italiam,

328 3501 359 3553 et
381 3486 453 3552 inde
475 3489 585 3551 adiens
600 3487 709 3549 limina
724 3495 822 3550 saneti
838 3488 933 3567 Petri,
956 3486 1063 3568 ibique
1081 3485 1149 3547 Deo
1170 3497 1201 3548 et
1216 3498 1324 3550 saneto
1341 3488 1434 3551 Petro

328 3572 536 3657 supplicando
558 3574 730 3656 gratiarum
751 3571 891 3634 actiones
910 3570 1056 3648 referens²
1079 3591 1116 3631 eo
1133 3570 1216 3651 quod
1233 3581 1346 3634 cuncta
1360 3594 1436 3654 erga

284 3733 286 3737 Ι
328 3678 399 3718 curn
423 3677 573 3739 prospero
597 3677 690 3716 eursu
712 3655 896 3735 agebantur.

336 3769 338 3775 ¹
410 3739 479 3801 967.
514 3739 584 3800 Hoc
617 3758 713 3798 annov
733 3737 905 3798 transmisit
936 3738 1107 3819 imperator
1138 3734 1258 3817 legatos
1291 3758 1364 3799 suos
1394 3737 1435 3800 ad

328 3820 555 3884 Willihehnunr
576 3820 850 3903 arehiepiscopum
880 3830 911 3883 et
937 3819 978 3882 ad
1004 3817 1081 3903 alios
1109 3819 1268 3903 principes
1297 3821 1378 3901 eius,
1401 3829 1435 3883 ut

286 3915 288 3920 ’
328 3903 488 3985 Ottonem,
510 3904 608 3967 filiurn
631 3925 722 3965 suum
744 3906 1016 3987 acquipoenrnque
1037 3903 1115 3984 eius,
1139 3923 1212 3963 cum
1236 3904 1320 3963 omni
1335 3901 1434 3985 regali

327 3986 479 4070 dignitate
506 3986 715 4072 proveherent
743 3984 784 4048 ad
806 3985 946 4066 Italia1n3
978 3985 1101 4069 illicque
1131 3987 1198 4067 ipse
1227 3983 1301 4047 Otto
1332 3986 1435 4049 senior

293 4070 467 4154 ‚suscepit
488 4094 560 4134 eum
588 4082 619 4133 et
646 4091 751 4134 seeum
779 4069 913 4133 deduxit
935 4072 1103 4150 Romarufl5
1139 4067 1434 4152 commendavitque

386 4230 408 4280 a)
425 4243 435 4269 e
450 4244 507 4273 cerr,
523 4244 540 4271 c.
1429 4210 1449 4261 s

402 4360 427 4425 1)
448 4359 517 4413 Arra.
540 4362 633 4424 Queat.
647 4338 679 4415 ἱ0.
698 4364 851 4413 aaa-983.
872 4362 1067 4415 desiderantum·
1141 4360 1167 4419 3)
1188 4359 1389 4425 licesfeldensis.
