3340 5150
668 244 679 281 l

320 555 353 602 ιι
605 540 772 604 suus'sss
792 552 1150 605 mnussumnsusss.

318 725 439 775 rendum.
477 723 639 774 Heiutulfum
659 726 737 775 sibi
724 740 758 785 pn
770 723 843 774 bello
857 698 1041 774 occurrentem
1054 729 1171 789 superat.
1209 723 1360 776 Heistulius
1380 726 1455 791 fuga

317 797 409 862 lapsus
428 796 530 860 Papiae
549 796 702 859 includitur,
721 797 791 847 datis
810 788 949 847 obsidibus
963 796 1012 858 40,
1032 801 1213 847 sacramento
1209 799 1383 848 consuictns
1404 814 1454 850 res

238 888 242 896 ·
320 870 407 920 sancti
426 869 499 918 Petri
517 869 640 919 restituit.

413 940 563 1006 Stephanus
588 957 659 1007 papa
683 941 795 990 Romam
824 942 972 991 revertitur.
1016 940 1212 993 Karlomannus
1240 928 1390 992 monachus
1420 944 1454 992 in

321 1014 463 1064 Franciam
482 1013 591 1063 tratrem
610 1014 719 1064 visitare
739 1015 858 1071 veniens,
877 1013 999 1062 Viennae
1019 1015 1137 1063 moritur.

411 1087 540 1151 Pippinus
569 1087 597 1134 in
621 1085 729 1135 Italiam
757 1085 942 1152 proficiscitur.
990 1085 1152 1136 Heistulium
1179 1085 1283 1151 Papiae
1310 1087 1452 1138 inclusum

321 1158 426 1209 obsedit
445 1164 480 1219 et,
499 1165 529 1208 ut
551 1173 593 1208 res
607 1160 693 1208 sancti
706 1159 779 1208 Petri
795 1156 931 1219 redderet,
950 1163 1118 1208 sacramento
1132 1159 1299 1224 constringit.
1336 1159 1452 1211 Raven-

321 1236 382 1281 iram
403 1248 462 1280 cum
483 1229 627 1296 Pentapoli
646 1236 740 1281 sancto
760 1231 840 1280 Petro
860 1230 980 1280 tradidit.

413 1303 563 1353 Hcistulfns
582 1305 610 1352 iu
630 1305 773 1353 venatione
793 1318 862 1367 equo
882 1302 982 1368 lapsus,
1001 1317 1112 1366 regnum
1134 1317 1193 1352 curn
1213 1303 1270 1352 vita
1287 1303 1416 1369 perdidit.

392 1376 540 1441 ¹Pippinus
561 1376 682 1426 Saxones
702 1374 774 1425 bello
794 1381 916 1440 superat3
943 1391 1025 1439 equos
1045 1374 1099 1423 300
1124 1373 1238 1424 reddere
1262 1376 1291 1425 in
1315 1376 1450 1428 tributum

321 1450 477 1513 promittunt
497 1454 525 1498 et
542 1449 737 1498 restitutionem
758 1447 822 1512 quid
841 1448 939 1496 iniuste
958 1445 1134 1497 abstulerunt.

238 1526 309 1569 aar.
413 1521 543 1586 Pippinus
572 1521 728 1570 Weiierium
759 1519 892 1569 ducem
885 1536 915 1581 sn
940 1519 1085 1584 Aquitania
1120 1517 1295 1569 ecclesiarum
1326 1522 1450 1572 iustitias

182 1596 187 1603 '
321 1594 411 1643 facere
430 1597 605 1645 rennuentem
625 1594 715 1656 coegit
729 1594 886 1658 promittere
907 1591 1130 1643 emendationem.

413 1666 581 1713 Weiferiusa
599 1674 768 1715 sacramenta
787 1667 927 1725 mentitus,
951 1664 1083 1715 vastando
1104 1670 1131 1714 et
1150 1648 1339 1731 depopulando
1358 1681 1448 1732 usque

230 1743 233 1748 '
322 1737 490 1787 Cauillonem
516 1739 645 1814 peruenit.
683 1739 812 1804 Pippinus
840 1753 899 1788 cum
920 1702 1000 1786 berlo
1026 1736 1081 1786 filie
1107 1738 1252 1787 exercitum
1277 1752 1310 1787 ex
1329 1739 1447 1790 adverso

280 1863 286 1868 ,
321 1816 420 1870 movet,
442 1807 571 1858 castella
574 1815 600 1860 et
620 1812 742 1860 civitates
761 1810 905 1896 pugnando
926 1812 1006 1875 capit.
1043 1809 1204 1871 Burbonem,
1224 1809 1346 1873 Cantela,
1367 1808 1445 1861 Olar-

322 1886 396 1931 mont
397 1896 447 1942 em,
468 1882 591 1946 aliaeque
611 1899 690 1947 qnam
711 1883 842 1948 plurimae
862 1884 918 1933 eius
939 1882 1087 1933 dominatui
1105 1897 1134 1932 se
1153 1882 1297 1932 subiciunt.
1335 1882 1446 1934 Deinde

320 1955 475 2005 Beturicam
494 1960 637 2020 expugnat

393 2026 516 2077 Tassllo
537 2026 570 2075 de
591 2029 709 2077 exercitu
729 2029 800 2092 regis
826 2044 855 2078 se
875 2026 1040 2089 subducens,
1066 2027 1220 2084 Baioariam
1245 2030 1351 2092 petit.
1357 2029 1446 2079 Facta

322 2104 364 2149 est
383 2099 466 2151 hiems
486 2099 578 2148 valida
597 2115 668 2150 anno
689 2101 777 2150 764.

413 2173 604 2236 Hruotgangus
629 2174 769 2223 Mettensis
793 2172 865 2222 urhis
894 2172 1113 2237 archiepiscopus
1142 2171 1289 2237 postularit
1315 2188 1332 2220 a
1357 2172 1444 2223 Panlo

322 2260 434 2309 corpora
459 2251 612 2294 sanctorum
638 2251 782 2310 martyrum
809 2245 953 2309 (ingenii,
979 2244 1093 2294 Nabaris
1119 2250 1146 2294 et
1164 2244 1281 2304 Nasarii,
1308 2250 1336 2294 et
1357 2247 1444 2311 impe-

321 2319 405 2382 travit
429 2316 539 2365 adduxit
529 2323 592 2381 tque
618 2320 651 2366 ab
677 2318 741 2367 urbe
767 2318 853 2366 Roma
880 2333 941 2366 cum
967 2318 1074 2367 honore.
1113 2317 1149 2364 Ει
1174 2281 1295 2381 condidit
1320 2324 1445 2367 sanctum

256 2421 257 2425 =
323 2390 486 2453 Gergouiam
507 2391 534 2437 in
554 2392 713 2439 monasterio
733 2406 789 2450 sno,
810 2389 880 2454 quod
901 2391 960 2454 ipse
980 2406 996 2438 a
1014 2405 1084 2440 novo
1110 2387 1310 2450 aedificaverat,
1334 2390 1378 2438 cui
1396 2406 1445 2441 vo·

237 2482 239 2485 ·
323 2461 449 2511 nabulum
469 2467 509 2510 est
529 2462 637 2522 Gorzia3
664 2468 785 2512 sanctum
804 2462 938 2512 Naborem
963 2464 991 2511 in
1010 2461 1171 2528 monasterio
1191 2461 1260 2518 alio,
1281 2462 1326 2527 qui
1346 2460 1445 2513 dicitur

322 2532 505 2594 Nova-Calla3
526 2539 647 2583 sanctum
667 2550 731 2584 vero
751 2535 892 2583 Nazarium
911 2532 939 2583 in
958 2534 1119 2584 munasterio
1138 2539 1228 2584 nostro
1247 2534 1445 2597 Laureshaem3

322 2606 368 2657 ubi
387 2608 414 2655 in
428 2604 543 2670 prefatis
562 2605 629 2656 locis
649 2606 739 2656 multis
758 2607 894 2656 miraculis
915 2607 1074 2659 clarescunt.
1452 2654 1455 2655 ι

414 2679 542 2743 Pippinus
562 2685 666 2729 omnem
680 2679 870 2744 Aequitaniam
888 2678 1056 2744 peragrando
1070 2693 1134 2729 suae
1155 2677 1256 2728 dicioni
1275 2678 1374 2740 subdit,
1393 2695 1445 2729 nec

322 2756 412 2801 tamen
438 2758 467 2801 ut
457 2748 577 2800 tvoluit
596 2752 752 2801 Weiierium
778 2754 863 2816 capit;
889 2751 937 2802 sed
963 2752 1019 2803 ille·
1036 2766 1156 2821 semper
1159 2751 1304 2800 vastationi
1329 2757 1357 2801 et
1379 2752 1444 2817 iuge

202 2839 204 2847 ·
288 2869 290 2873 ,
321 2824 448 2883 mantus
470 2824 555 2872 donec
570 2823 631 2873 dolo
645 2825 817 2875 Warattonrs
828 2826 1012 2889 rnterernptns,
1032 2830 1059 2874 et
1076 2824 1157 2887 fugae
1171 2828 1198 2872 et
1216 2821 1343 2872 tirannidi
1363 2823 1444 2876 linem

324 2894 408 2945 dedii

250 2975 312 3017 aas.
414 2966 543 3032 Pippinus
563 2968 597 3017 ab
617 2969 763 3033 Aquitania
781 2969 945 3032 regrediens,
966 2968 1001 3016 ad
1014 2968 1143 3031 Sanctum
1163 2967 1315 3018 Dionisium
1335 2968 1360 3018 8.
1380 2968 1443 3020 Kal.

260 3042 263 3046 ’
324 3040 385 3098 Oct.
406 3040 477 3105 diem
496 3040 571 3103 obiit,
593 3037 704 3107 [annal]
726 3042 824 3091 aetatis
845 3041 888 3089 54.
929 3068 934 3075 ·

416 3113 441 3161 1.
479 3078 576 3162 Karlnb
597 3130 656 3163 cum
677 3114 837 3163 Oarlmauno
857 3113 938 3163 fratre
958 3122 1053 3177 regnat
1072 3127 1134 3162 ann.
1154 3112 1180 3162 3.

416 3185 446 3234 2.
480 3185 577 3247 Karlus
604 3202 664 3235 cum
685 3186 854 3247 carlmanno,
881 3185 1040 3247 tremesco,
1064 3184 1252 3236 Huuoldum'
1244 3200 1273 3233 ιιι
1297 3183 1444 3250 Aquitania

322 3256 499 3308 rebellantem
521 3259 637 3322 capiunt.
698 3263 701 3267 ’

415 3332 442 3379 3
478 3329 656 3380 Karlmannns
675 3347 722 3380 rex
742 3331 807 3381 obiit
825 3330 891 3380 villa
911 3329 1110 3394 salmuntiaco,
1129 3328 1257 3394 sepelitur
1276 3330 1376 3380 Remis.

416 3403 441 3450 4
480 3403 610 3452 Karlus
602 3419 630 3451 ιιι
655 3403 771 3454 Saxonia
798 3408 914 3453 castrum
937 3403 1091 3468 heresburg
1120 3407 1270 3467 expugnat,
1298 3401 1389 3452 tanum
1418 3411 1446 3454 et

322 3476 413 3526 lucum
434 3490 524 3524 eorum
542 3475 673 3525 famosum
693 3475 825 3525 Yrmiusul
845 3476 984 3525 subvertit.
1454 3469 1458 3475 ’

416 3547 442 3597 5.
480 3547 588 3597 Interea
608 3549 882 3613 oumlexercitussiti
900 3549 1059 3611 fatigaretur
1077 3563 1125 3613 pre
1146 3548 1284 3608 siccitate,
1309 3546 1397 3597 subito
1416 3550 1445 3598 in

296 3646 299 3650 *
323 3620 440 3687 quodam
471 3625 587 3671 torrente
613 3619 704 3669 media
728 3619 771 3670 die
798 3622 924 3670 divinitus
950 3634 1036 3684 aquae
1064 3619 1232 3684 largissimae
1262 3617 1344 3669 effuse
1373 3627 1444 3674 sunt.

324 3694 444 3744 Saxones
470 3693 504 3742 ad
527 3708 619 3758 regem
644 3708 725 3758 super
743 3693 877 3744 Wisaram
898 3694 1055 3754 uenientes,¹
1074 3691 1212 3742 obsidibus
1239 3689 1324 3755 datis,
1349 3708 1445 3758 pacem

277 3784 279 3790 ·
322 3784 351 3818 ro
372 3773 426 3817 ant.
728 3795 734 3799 -

352 3784 370 3832 g
397 3841 421 3891 6.
460 3838 567 3901 Karlus,
586 3838 717 3895 invitante
736 3837 852 3887 Adriano
872 3836 998 3903 pontifice
1011 3837 1141 3898 Romano,
1160 3835 1268 3886 Italiam
1286 3835 1445 3900 ingreditur.

322 3913 480 3962 Desiderins
500 3928 546 3961 rex
560 3911 690 3966 obsistere
703 3910 803 3969 nititur,
824 3910 922 3960 clausis
935 3908 1042 3974 Alpium
1063 3908 1200 3971 obaeratis,
1220 3909 1327 3958 obviam
1346 3913 1468 3975 pergite

207 3986 211 4003 ⁸
323 3985 421 4035 Franci
441 3976 547 4034 clausas
566 3987 701 4043 reserant;
721 3981 878 4032 Desiderius
897 3981 999 4046 Papiae
1018 3979 1172 4031 includitur.
1463 3989 1468 3993 “

280 4059 289 4069 ’
417 4058 441 4106 7.
479 4056 577 4106 Karlus
596 4055 709 4119 Papiam
730 4055 867 4103 civitatem
886 4053 1009 4115 obsedit,
1035 4052 1136 4102 nullum
1160 4051 1266 4115 ingredi
1285 4052 1329 4105 vel
1350 4053 1445 4118 egredi

323 4129 460 4197 permittit.
500 4130 611 4179 Interim
625 4126 722 4176 Karlus
742 4129 869 4184 orationis
890 4141 972 4176 eausa
991 4126 1025 4175 ad
1044 4125 1138 4174 limina
1157 4127 1243 4174 sancti
1256 4125 1329 4175 Petri
1347 4129 1452 4192 pergit.

323 4202 455 4252 Adrianus
475 4217 545 4266 papa
564 4199 687 4266 gaudens
706 4215 766 4248 cum
783 4216 881 4265 magna
900 4199 987 4265 gloria
1005 4211 1096 4262 regem
1110 4196 1297 4253 advenientem
1318 4200 1447 4265 suscipit,

324 4275 395 4326 diem
415 4280 536 4325 sanatum
555 4273 674 4342 paschae
688 4271 841 4323 solemniter
860 4271 1007 4333 celebrant,
1027 4277 1126 4354 etcum
1146 4269 1255 4319 laeticia
1273 4284 1365 4334 regern
1384 4283 1460 4337 pro·

417 4436 439 4488 a)
457 4437 571 4477 Wciferus
587 4447 605 4475 c.
667 4433 690 4485 b)
706 4435 762 4473 aaa
777 4445 794 4475 c.
