<?xml version="1.0" encoding="UTF-8"?>
<!DOCTYPE html PUBLIC "-//W3C//DTD XHTML 1.0 Transitional//EN"
    "http://www.w3.org/TR/xhtml1/DTD/xhtml1-transitional.dtd">
<html xmlns="http://www.w3.org/1999/xhtml" xml:lang="en" lang="en">
 <head>
  <title>
</title>
<meta http-equiv="Content-Type" content="text/html;charset=utf-8" />
  <meta name='ocr-system' content='tesseract 3.04.00' />
  <meta name='ocr-capabilities' content='ocr_page ocr_carea ocr_par ocr_line ocrx_word'/>
</head>
<body>
  <div class='ocr_page' id='page_1' title='image "./annaleshildeshe00isidgoog_0055.png"; bbox 0 0 3340 5150; ppageno 0'>
   <div class='ocr_carea' id='block_1_1' title="bbox 312 510 1201 605">
    <p class='ocr_par' dir='ltr' id='par_1_1' title="bbox 312 510 1201 605">
     <span class='ocr_line' id='line_1_1' title="bbox 312 510 1201 605; baseline 0.001 -17"><span class='ocrx_word' id='word_1_1' title='bbox 312 601 315 605; x_wconf 38' lang='grc'><strong>,</strong></span> <span class='ocrx_word' id='word_1_2' title='bbox 370 541 406 592; x_wconf 81' lang='lat'><strong>44</strong></span> <span class='ocrx_word' id='word_1_3' title='bbox 656 510 1201 599; x_wconf 77' lang='lat' dir='ltr'><strong>suuanasutnnasnn1unusas.</strong></span> 
     </span>
    </p>
   </div>
   <div class='ocr_carea' id='block_1_2' title="bbox 201 702 1595 4208">
    <p class='ocr_par' dir='ltr' id='par_1_2' title="bbox 367 702 1487 1373">
     <span class='ocr_line' id='line_1_2' title="bbox 371 702 1487 791; baseline 0 -21"><span class='ocrx_word' id='word_1_4' title='bbox 371 702 400 770; x_wconf 94' lang='lat'>0</span> <span class='ocrx_word' id='word_1_5' title='bbox 423 726 499 788; x_wconf 86' lang='lat' dir='ltr'><strong>orgo</strong></span> <span class='ocrx_word' id='word_1_6' title='bbox 516 703 639 769; x_wconf 87' lang='lat' dir='ltr'><strong>occulta</strong></span> <span class='ocrx_word' id='word_1_7' title='bbox 654 703 782 769; x_wconf 87' lang='lat' dir='ltr'><strong>divinae</strong></span> <span class='ocrx_word' id='word_1_8' title='bbox 804 705 1049 791; x_wconf 82' lang='lat' dir='ltr'><strong>dispensationis</strong></span> <span class='ocrx_word' id='word_1_9' title='bbox 1071 703 1199 786; x_wconf 83' lang='lat' dir='ltr'><strong>iudicia,</strong></span> <span class='ocrx_word' id='word_1_10' title='bbox 1221 704 1410 791; x_wconf 84' lang='lat' dir='ltr'><strong>admiranda</strong></span> <span class='ocrx_word' id='word_1_11' title='bbox 1429 726 1487 790; x_wconf 91' lang='lat' dir='ltr'><strong>pa·</strong></span> 
     </span>
     <span class='ocr_line' id='line_1_3' title="bbox 369 786 1487 887; baseline 0.004 -36"><span class='ocrx_word' id='word_1_12' title='bbox 369 789 446 852; x_wconf 81' lang='lat' dir='ltr'><strong>riter</strong></span> <span class='ocrx_word' id='word_1_13' title='bbox 467 796 498 851; x_wconf 89' lang='lat' dir='ltr'><strong>et</strong></span> <span class='ocrx_word' id='word_1_14' title='bbox 519 786 698 869; x_wconf 84' lang='lat' dir='ltr'><strong>metuenda,</strong></span> <span class='ocrx_word' id='word_1_15' title='bbox 721 789 776 874; x_wconf 94' lang='lat' dir='ltr'><strong>qui</strong></span> <span class='ocrx_word' id='word_1_16' title='bbox 798 789 970 874; x_wconf 88' lang='lat' dir='ltr'><strong>prioridie</strong></span> <span class='ocrx_word' id='word_1_17' title='bbox 992 787 1132 851; x_wconf 84' lang='lat' dir='ltr'><strong>maximo</strong></span> <span class='ocrx_word' id='word_1_18' title='bbox 1155 787 1326 852; x_wconf 86' lang='lat' dir='ltr'><strong>mundialis</strong></span> <span class='ocrx_word' id='word_1_19' title='bbox 1347 811 1487 887; x_wconf 80' lang='lat' dir='ltr'>pompae</span> 
     </span>
     <span class='ocr_line' id='line_1_4' title="bbox 369 870 1485 957; baseline 0.001 -21"><span class='ocrx_word' id='word_1_20' title='bbox 369 870 509 954; x_wconf 83' lang='lat' dir='ltr'><strong>tripudio</strong></span> <span class='ocrx_word' id='word_1_21' title='bbox 524 892 583 934; x_wconf 88' lang='lat' dir='ltr'><strong>rex</strong></span> <span class='ocrx_word' id='word_1_22' title='bbox 597 881 629 936; x_wconf 90' lang='lat' dir='ltr'><strong>et</strong></span> <span class='ocrx_word' id='word_1_23' title='bbox 650 873 823 957; x_wconf 88' lang='lat' dir='ltr'><strong>imperator</strong></span> <span class='ocrx_word' id='word_1_24' title='bbox 842 872 928 935; x_wconf 89' lang='lat' dir='ltr'><strong>orbis</strong></span> <span class='ocrx_word' id='word_1_25' title='bbox 943 878 1110 935; x_wconf 87' lang='lat' dir='ltr'><strong>coronatus</strong></span> <span class='ocrx_word' id='word_1_26' title='bbox 1132 872 1296 956; x_wconf 82' lang='lat' dir='ltr'><strong>processit,</strong></span> <span class='ocrx_word' id='word_1_27' title='bbox 1317 875 1485 956; x_wconf 88' lang='lat' dir='ltr'><strong>posterrori</strong></span> 
     </span>
     <span class='ocr_line' id='line_1_5' title="bbox 369 952 1485 1042; baseline 0.004 -26"><span class='ocrx_word' id='word_1_28' title='bbox 369 953 426 1017; x_wconf 88' lang='lat' dir='ltr'><strong>ah!</strong></span> <span class='ocrx_word' id='word_1_29' title='bbox 449 952 506 1017; x_wconf 84' lang='lat' dir='ltr'><strong>ah!</strong></span> <span class='ocrx_word' id='word_1_30' title='bbox 530 952 580 1018; x_wconf 89' lang='lat' dir='ltr'><strong>dio</strong></span> <span class='ocrx_word' id='word_1_31' title='bbox 595 956 683 1018; x_wconf 91' lang='lat' dir='ltr'><strong>viam</strong></span> <span class='ocrx_word' id='word_1_32' title='bbox 697 956 864 1019; x_wconf 89' lang='lat' dir='ltr'><strong>universae</strong></span> <span class='ocrx_word' id='word_1_33' title='bbox 884 955 987 1017; x_wconf 90' lang='lat' dir='ltr'><strong>camis</strong></span> <span class='ocrx_word' id='word_1_34' title='bbox 1009 955 1181 1038; x_wconf 83' lang='lat' dir='ltr'><strong>ingressus,</strong></span> <span class='ocrx_word' id='word_1_35' title='bbox 1204 955 1282 1019; x_wconf 89' lang='lat' dir='ltr'><strong>cinis</strong></span> <span class='ocrx_word' id='word_1_36' title='bbox 1303 957 1485 1042; x_wconf 82' lang='lat' dir='ltr'><strong>vermisque</strong></span> 
     </span>
     <span class='ocr_line' id='line_1_6' title="bbox 367 1036 1484 1125; baseline 0.003 -25"><span class='ocrx_word' id='word_1_37' title='bbox 367 1036 509 1119; x_wconf 76' lang='lat' dir='ltr'><strong>futurus,</strong></span> <span class='ocrx_word' id='word_1_38' title='bbox 540 1036 700 1120; x_wconf 80' lang='lat' dir='ltr'><strong>discessit3</strong></span> <span class='ocrx_word' id='word_1_39' title='bbox 723 1038 784 1102; x_wconf 91' lang='lat' dir='ltr'><strong>nisi</strong></span> <span class='ocrx_word' id='word_1_40' title='bbox 829 1036 894 1101; x_wconf 90' lang='lat' dir='ltr'><strong>uod</strong></span> <span class='ocrx_word' id='word_1_41' title='bbox 915 1059 989 1101; x_wconf 90' lang='lat' dir='ltr'><strong>vere</strong></span> <span class='ocrx_word' id='word_1_42' title='bbox 1011 1060 1193 1123; x_wconf 88' lang='lat' dir='ltr'><strong>speramus,</strong></span> <span class='ocrx_word' id='word_1_43' title='bbox 1223 1037 1307 1123; x_wconf 85' lang='lat' dir='ltr'><strong>quia,</strong></span> <span class='ocrx_word' id='word_1_44' title='bbox 1331 1038 1484 1125; x_wconf 91' lang='lat' dir='ltr'><strong>quicquid</strong></span> 
     </span>
     <span class='ocr_line' id='line_1_7' title="bbox 369 1060 1482 1205; baseline 0.003 -22"><span class='ocrx_word' id='word_1_45' title='bbox 369 1119 537 1185; x_wconf 82' lang='lat' dir='ltr'><strong>carnaliter</strong></span> <span class='ocrx_word' id='word_1_46' title='bbox 569 1122 728 1185; x_wconf 85' lang='lat' dir='ltr'><strong>contraxit</strong></span> <span class='ocrx_word' id='word_1_47' title='bbox 749 1060 984 1205; x_wconf 78' lang='lat' dir='ltr'><strong>neglegentiae,</strong></span> <span class='ocrx_word' id='word_1_48' title='bbox 1016 1143 1075 1205; x_wconf 88' lang='lat' dir='ltr'><strong>pro</strong></span> <span class='ocrx_word' id='word_1_49' title='bbox 1109 1119 1169 1185; x_wconf 94' lang='lat' dir='ltr'><strong>hoc</strong></span> <span class='ocrx_word' id='word_1_50' title='bbox 1200 1121 1235 1184; x_wconf 93' lang='lat' dir='ltr'><strong>in</strong></span> <span class='ocrx_word' id='word_1_51' title='bbox 1267 1120 1482 1204; x_wconf 77' lang='lat' dir='ltr'><strong>defensionem</strong></span> 
     </span>
     <span class='ocr_line' id='line_1_8' title="bbox 368 1202 1483 1298; baseline 0.001 -30"><span class='ocrx_word' id='word_1_52' title='bbox 368 1205 492 1269; x_wconf 88' lang='lat' dir='ltr'><strong>animae</strong></span> <span class='ocrx_word' id='word_1_53' title='bbox 515 1227 575 1290; x_wconf 92' lang='lat' dir='ltr'><strong>sup</strong></span> <span class='ocrx_word' id='word_1_54' title='bbox 599 1203 704 1269; x_wconf 87' lang='lat' dir='ltr'><strong>licatio</strong></span> <span class='ocrx_word' id='word_1_55' title='bbox 726 1204 894 1269; x_wconf 87' lang='lat' dir='ltr'><strong>inte&#39;rvenit</strong></span> <span class='ocrx_word' id='word_1_56' title='bbox 908 1202 1094 1268; x_wconf 68' lang='lat' dir='ltr'><strong>aecclesiae</strong></span> <span class='ocrx_word' id='word_1_57' title='bbox 1123 1204 1198 1285; x_wconf 88' lang='lat' dir='ltr'><strong>Sed,</strong></span> <span class='ocrx_word' id='word_1_58' title='bbox 1220 1216 1256 1268; x_wconf 91' lang='lat' dir='ltr'><strong>ut</strong></span> <span class='ocrx_word' id='word_1_59' title='bbox 1277 1205 1407 1298; x_wconf 88' lang='lat' dir='ltr'><strong>quidam</strong></span> <span class='ocrx_word' id='word_1_60' title='bbox 1422 1207 1483 1270; x_wconf 90' lang='lat' dir='ltr'><strong>ait:</strong></span> 
     </span>
     <span class='ocr_line' id='line_1_9' title="bbox 442 1227 1274 1373; baseline -0.005 -21"><span class='ocrx_word' id='word_1_61' title='bbox 442 1300 445 1307; x_wconf 83' lang='grc'>’</span> <span class='ocrx_word' id='word_1_62' title='bbox 576 1227 607 1352; x_wconf 62' lang='lat' dir='ltr'><strong>p)</strong></span> <span class='ocrx_word' id='word_1_63' title='bbox 630 1286 675 1350; x_wconf 93' lang='lat' dir='ltr'><strong>nil</strong></span> <span class='ocrx_word' id='word_1_64' title='bbox 692 1303 799 1370; x_wconf 70' lang='lat' dir='ltr'><strong>gnara</strong></span> <span class='ocrx_word' id='word_1_65' title='bbox 813 1288 867 1350; x_wconf 88' lang='lat' dir='ltr'><strong>sui</strong></span> <span class='ocrx_word' id='word_1_66' title='bbox 888 1288 1033 1355; x_wconf 87' lang='lat' dir='ltr'><strong>mortalia</strong></span> <span class='ocrx_word' id='word_1_67' title='bbox 1053 1296 1184 1373; x_wconf 85' lang='lat' dir='ltr'><strong>pectora</strong></span> <span class='ocrx_word' id='word_1_68' title='bbox 1204 1287 1274 1351; x_wconf 86' lang='lat' dir='ltr'><strong>fati!</strong></span> 
     </span>
    </p>

    <p class='ocr_par' dir='ltr' id='par_1_3' title="bbox 367 1362 1481 1458">
     <span class='ocr_line' id='line_1_10' title="bbox 367 1362 1481 1458; baseline 0.002 -24"><span class='ocrx_word' id='word_1_69' title='bbox 367 1370 489 1435; x_wconf 90' lang='lat' dir='ltr'><strong>Verum</strong></span> <span class='ocrx_word' id='word_1_70' title='bbox 515 1380 551 1435; x_wconf 91' lang='lat' dir='ltr'><strong>ut</strong></span> <span class='ocrx_word' id='word_1_71' title='bbox 579 1371 686 1435; x_wconf 89' lang='lat' dir='ltr'><strong>verius</strong></span> <span class='ocrx_word' id='word_1_72' title='bbox 707 1370 866 1450; x_wconf 77' lang='lat' dir='ltr'><strong>dicamus:</strong></span> <span class='ocrx_word' id='word_1_73' title='bbox 910 1362 1057 1451; x_wconf 72' lang='lat' dir='ltr'><strong>Odius,</strong></span> <span class='ocrx_word' id='word_1_74' title='bbox 1086 1379 1117 1434; x_wconf 85' lang='lat' dir='ltr'><strong>et</strong></span> <span class='ocrx_word' id='word_1_75' title='bbox 1138 1382 1174 1435; x_wconf 90' lang='lat' dir='ltr'><strong>ut</strong></span> <span class='ocrx_word' id='word_1_76' title='bbox 1194 1371 1228 1433; x_wconf 92' lang='lat' dir='ltr'><strong>in</strong></span> <span class='ocrx_word' id='word_1_77' title='bbox 1256 1392 1336 1455; x_wconf 88' lang='lat' dir='ltr'><strong>pace</strong></span> <span class='ocrx_word' id='word_1_78' title='bbox 1358 1369 1481 1458; x_wconf 79' lang='lat' dir='ltr'><strong>loquar,</strong></span> 
     </span>
    </p>

    <p class='ocr_par' dir='ltr' id='par_1_4' title="bbox 359 1451 1527 1623">
     <span class='ocr_line' id='line_1_11' title="bbox 359 1451 1527 1539; baseline 0.001 -22"><span class='ocrx_word' id='word_1_79' title='bbox 359 1476 496 1539; x_wconf 55' lang='lat' dir='ltr'><strong>⁴prorsus</strong></span> <span class='ocrx_word' id='word_1_80' title='bbox 517 1452 715 1518; x_wconf 87' lang='lat' dir='ltr'><strong>insensibilia</strong></span> <span class='ocrx_word' id='word_1_81' title='bbox 734 1451 865 1517; x_wconf 91' lang='lat' dir='ltr'><strong>humani</strong></span> <span class='ocrx_word' id='word_1_82' title='bbox 885 1454 1010 1535; x_wconf 87' lang='lat' dir='ltr'><strong>generis</strong></span> <span class='ocrx_word' id='word_1_83' title='bbox 1032 1453 1141 1517; x_wconf 86' lang='lat' dir='ltr'><strong>corda!</strong></span> <span class='ocrx_word' id='word_1_84' title='bbox 1165 1456 1251 1538; x_wconf 85' lang='lat' dir='ltr'><strong>quia,</strong></span> <span class='ocrx_word' id='word_1_85' title='bbox 1273 1454 1307 1516; x_wconf 91' lang='lat' dir='ltr'><strong>in</strong></span> <span class='ocrx_word' id='word_1_86' title='bbox 1329 1477 1391 1539; x_wconf 93' lang='lat' dir='ltr'><strong>quo</strong></span> <span class='ocrx_word' id='word_1_87' title='bbox 1410 1456 1479 1518; x_wconf 89' lang='lat' dir='ltr'><strong>viro</strong></span> <span class='ocrx_word' id='word_1_88' title='bbox 1523 1468 1527 1476; x_wconf 85' lang='lat'>&#39;</span> 
     </span>
     <span class='ocr_line' id='line_1_12' title="bbox 366 1534 1479 1623; baseline 0.002 -23"><span class='ocrx_word' id='word_1_89' title='bbox 366 1559 449 1623; x_wconf 90' lang='lat' dir='ltr'><strong>pene</strong></span> <span class='ocrx_word' id='word_1_90' title='bbox 470 1536 575 1598; x_wconf 88' lang='lat' dir='ltr'><strong>tocius</strong></span> <span class='ocrx_word' id='word_1_91' title='bbox 599 1534 685 1617; x_wconf 82' lang='lat' dir='ltr'><strong>orbis</strong></span> <span class='ocrx_word' id='word_1_92' title='bbox 708 1536 813 1620; x_wconf 81' lang='lat' dir='ltr'><strong>capud</strong></span> <span class='ocrx_word' id='word_1_93' title='bbox 834 1534 998 1620; x_wconf 83' lang='lat' dir='ltr'><strong>virtusque</strong></span> <span class='ocrx_word' id='word_1_94' title='bbox 1020 1535 1176 1615; x_wconf 87' lang='lat' dir='ltr'><strong>concidit,</strong></span> <span class='ocrx_word' id='word_1_95' title='bbox 1205 1536 1335 1599; x_wconf 89' lang='lat' dir='ltr'><strong>adeius</strong></span> <span class='ocrx_word' id='word_1_96' title='bbox 1358 1536 1479 1602; x_wconf 88' lang='lat' dir='ltr'><strong>obitum</strong></span> 
     </span>
    </p>

    <p class='ocr_par' dir='ltr' id='par_1_5' title="bbox 257 1616 1595 1950">
     <span class='ocr_line' id='line_1_13' title="bbox 257 1616 1387 1702; baseline -0.001 -19"><span class='ocrx_word' id='word_1_97' title='bbox 257 1665 259 1671; x_wconf 29' lang='lat' dir='ltr'><strong>r</strong></span> <span class='ocrx_word' id='word_1_98' title='bbox 290 1624 318 1672; x_wconf 63' lang='lat' dir='ltr'><em>f</em></span> <span class='ocrx_word' id='word_1_99' title='bbox 366 1628 432 1683; x_wconf 83' lang='lat' dir='ltr'><strong>tam</strong></span> <span class='ocrx_word' id='word_1_100' title='bbox 454 1619 595 1681; x_wconf 91' lang='lat' dir='ltr'><strong>subitum</strong></span> <span class='ocrx_word' id='word_1_101' title='bbox 616 1627 745 1702; x_wconf 89' lang='lat' dir='ltr'><strong>tamque</strong></span> <span class='ocrx_word' id='word_1_102' title='bbox 766 1617 978 1702; x_wconf 90' lang='lat' dir='ltr'><strong>periculosum</strong></span> <span class='ocrx_word' id='word_1_103' title='bbox 1000 1639 1076 1681; x_wconf 90' lang='lat' dir='ltr'><strong>sane</strong></span> <span class='ocrx_word' id='word_1_104' title='bbox 1097 1616 1201 1680; x_wconf 92' lang='lat' dir='ltr'><strong>nullus</strong></span> <span class='ocrx_word' id='word_1_105' title='bbox 1223 1618 1387 1701; x_wconf 81' lang='lat' dir='ltr'><strong>ingemuit.</strong></span> 
     </span>
     <span class='ocr_line' id='line_1_14' title="bbox 285 1698 1358 1784; baseline 0.001 -22"><span class='ocrx_word' id='word_1_106' title='bbox 285 1714 357 1757; x_wconf 65' lang='lat' dir='ltr'><strong>aar.</strong></span> <span class='ocrx_word' id='word_1_107' title='bbox 494 1699 591 1762; x_wconf 90' lang='lat' dir='ltr'><strong>Hunc</strong></span> <span class='ocrx_word' id='word_1_108' title='bbox 613 1711 717 1764; x_wconf 86' lang='lat' dir='ltr'><strong>rector</strong></span> <span class='ocrx_word' id='word_1_109' title='bbox 738 1723 849 1784; x_wconf 84' lang='lat' dir='ltr'><strong>regum</strong></span> <span class='ocrx_word' id='word_1_110' title='bbox 872 1701 1029 1764; x_wconf 85' lang='lat' dir='ltr'><strong>Dominus</strong></span> <span class='ocrx_word' id='word_1_111' title='bbox 1052 1698 1171 1764; x_wconf 88' lang='lat' dir='ltr'><strong>soletm·</strong></span> <span class='ocrx_word' id='word_1_112' title='bbox 1192 1702 1227 1762; x_wconf 87' lang='lat' dir='ltr'><strong>in</strong></span> <span class='ocrx_word' id='word_1_113' title='bbox 1248 1723 1358 1783; x_wconf 79' lang='lat' dir='ltr'><strong>evum3</strong></span> 
     </span>
     <span class='ocr_line' id='line_1_15' title="bbox 495 1782 1538 1868; baseline -0.002 -22"><span class='ocrx_word' id='word_1_114' title='bbox 495 1807 498 1815; x_wconf 95' lang='lat'>·</span> <span class='ocrx_word' id='word_1_115' title='bbox 575 1782 658 1846; x_wconf 80' lang='lat' dir='ltr'><strong>Cum</strong></span> <span class='ocrx_word' id='word_1_116' title='bbox 679 1784 786 1867; x_wconf 85' lang='lat' dir='ltr'><strong>pueris</strong></span> <span class='ocrx_word' id='word_1_117' title='bbox 808 1782 960 1847; x_wconf 87' lang='lat' dir='ltr'><strong>Habrahe</strong></span> <span class='ocrx_word' id='word_1_118' title='bbox 981 1785 1069 1847; x_wconf 90' lang='lat' dir='ltr'><strong>vivat</strong></span> <span class='ocrx_word' id='word_1_119' title='bbox 1089 1793 1121 1846; x_wconf 89' lang='lat' dir='ltr'><strong>et</strong></span> <span class='ocrx_word' id='word_1_120' title='bbox 1141 1783 1173 1848; x_wconf 90' lang='lat' dir='ltr'><strong>in</strong></span> <span class='ocrx_word' id='word_1_121' title='bbox 1194 1784 1316 1868; x_wconf 82' lang='lat' dir='ltr'><strong>requie!</strong></span> <span class='ocrx_word' id='word_1_122' title='bbox 1398 1863 1401 1867; x_wconf 70' lang='lat'>‚</span> <span class='ocrx_word' id='word_1_123' title='bbox 1534 1850 1538 1855; x_wconf 73' lang='lat'><em>,</em></span> 
     </span>
     <span class='ocr_line' id='line_1_16' title="bbox 449 1860 1595 1950; baseline -0.003 -21"><span class='ocrx_word' id='word_1_124' title='bbox 449 1864 515 1929; x_wconf 87' lang='lat' dir='ltr'><strong>Sed</strong></span> <span class='ocrx_word' id='word_1_125' title='bbox 536 1864 703 1929; x_wconf 83' lang='lat' dir='ltr'><strong>filiuseius</strong></span> <span class='ocrx_word' id='word_1_126' title='bbox 719 1865 1078 1949; x_wconf 77' lang='lat' dir='ltr'><strong>domnusHammcnus,</strong></span> <span class='ocrx_word' id='word_1_127' title='bbox 1100 1866 1133 1928; x_wconf 88' lang='lat' dir='ltr'><strong>in</strong></span> <span class='ocrx_word' id='word_1_128' title='bbox 1155 1867 1241 1928; x_wconf 85' lang='lat' dir='ltr'><strong>omni</strong></span> <span class='ocrx_word' id='word_1_129' title='bbox 1263 1860 1393 1950; x_wconf 89' lang='lat' dir='ltr'><strong>quidem</strong></span> <span class='ocrx_word' id='word_1_130' title='bbox 1414 1866 1476 1927; x_wconf 89' lang='lat' dir='ltr'><strong>vir-</strong></span> <span class='ocrx_word' id='word_1_131' title='bbox 1590 1931 1595 1947; x_wconf 24' lang='lat' dir='ltr'>x</span> 
     </span>
    </p>

    <p class='ocr_par' dir='ltr' id='par_1_6' title="bbox 354 1946 1476 2203">
     <span class='ocr_line' id='line_1_17' title="bbox 354 1946 1476 2034; baseline -0.001 -23"><span class='ocrx_word' id='word_1_132' title='bbox 354 1958 468 2013; x_wconf 63' lang='lat' dir='ltr'><strong>,tutum</strong></span> <span class='ocrx_word' id='word_1_133' title='bbox 495 1947 693 2015; x_wconf 84' lang='lat' dir='ltr'><strong>exhibitione</strong></span> <span class='ocrx_word' id='word_1_134' title='bbox 720 1961 961 2034; x_wconf 87' lang='lat' dir='ltr'><strong>perstrennuus,</strong></span> <span class='ocrx_word' id='word_1_135' title='bbox 984 1958 1064 2029; x_wconf 58' lang='lat' dir='ltr'><strong>,ante</strong></span> <span class='ocrx_word' id='word_1_136' title='bbox 1094 1947 1215 2013; x_wconf 86' lang='lat' dir='ltr'><strong>scilicet</strong></span> <span class='ocrx_word' id='word_1_137' title='bbox 1243 1949 1276 2010; x_wconf 90' lang='lat' dir='ltr'><strong>in</strong></span> <span class='ocrx_word' id='word_1_138' title='bbox 1305 1946 1476 2032; x_wconf 82' lang='lat' dir='ltr'><strong>specialem</strong></span> 
     </span>
     <span class='ocr_line' id='line_1_18' title="bbox 361 2029 1474 2118; baseline -0.004 -21"><span class='ocrx_word' id='word_1_139' title='bbox 361 2033 454 2117; x_wconf 85' lang='lat' dir='ltr'><strong>regni</strong></span> <span class='ocrx_word' id='word_1_140' title='bbox 469 2033 684 2112; x_wconf 81' lang='lat' dir='ltr'><strong>monarchiam</strong></span> <span class='ocrx_word' id='word_1_141' title='bbox 699 2033 838 2117; x_wconf 84' lang='lat' dir='ltr'><strong>generali</strong></span> <span class='ocrx_word' id='word_1_142' title='bbox 853 2029 1124 2118; x_wconf 85' lang='lat' dir='ltr'><strong>cleri‘populiquc</strong></span> <span class='ocrx_word' id='word_1_143' title='bbox 1145 2029 1372 2116; x_wconf 73' lang='lat' dir='ltr'><strong>praelectione³</strong></span> <span class='ocrx_word' id='word_1_144' title='bbox 1388 2048 1474 2094; x_wconf 89' lang='lat' dir='ltr'><strong>coro-</strong></span> 
     </span>
     <span class='ocr_line' id='line_1_19' title="bbox 362 2113 1476 2203; baseline -0.003 -23"><span class='ocrx_word' id='word_1_145' title='bbox 362 2129 465 2197; x_wconf 86' lang='lat' dir='ltr'><strong>natus,</strong></span> <span class='ocrx_word' id='word_1_146' title='bbox 480 2139 564 2183; x_wconf 90' lang='lat' dir='ltr'><strong>nunc</strong></span> <span class='ocrx_word' id='word_1_147' title='bbox 579 2127 686 2181; x_wconf 89' lang='lat' dir='ltr'><strong>autem</strong></span> <span class='ocrx_word' id='word_1_148' title='bbox 702 2118 769 2181; x_wconf 89' lang='lat' dir='ltr'><strong>sine</strong></span> <span class='ocrx_word' id='word_1_149' title='bbox 786 2119 899 2203; x_wconf 91' lang='lat' dir='ltr'><strong>quavis</strong></span> <span class='ocrx_word' id='word_1_150' title='bbox 915 2116 1173 2180; x_wconf 87' lang='lat' dir='ltr'><strong>contradictionis</strong></span> <span class='ocrx_word' id='word_1_151' title='bbox 1184 2113 1336 2195; x_wconf 86' lang='lat' dir='ltr'><strong>molestia,</strong></span> <span class='ocrx_word' id='word_1_152' title='bbox 1352 2132 1476 2178; x_wconf 87' lang='lat' dir='ltr'><strong>summa</strong></span> 
     </span>
    </p>

    <p class='ocr_par' dir='ltr' id='par_1_7' title="bbox 219 2199 1499 2785">
     <span class='ocr_line' id='line_1_20' title="bbox 314 2199 1475 2286; baseline -0.003 -22"><span class='ocrx_word' id='word_1_153' title='bbox 314 2234 317 2239; x_wconf 48' lang='lat'><strong>⁴</strong></span> <span class='ocrx_word' id='word_1_154' title='bbox 362 2200 585 2266; x_wconf 87' lang='lat' dir='ltr'><strong>christianismi</strong></span> <span class='ocrx_word' id='word_1_155' title='bbox 608 2201 787 2283; x_wconf 85' lang='lat' dir='ltr'><strong>concordia,</strong></span> <span class='ocrx_word' id='word_1_156' title='bbox 810 2201 887 2265; x_wconf 92' lang='lat' dir='ltr'><strong>solio</strong></span> <span class='ocrx_word' id='word_1_157' title='bbox 909 2201 1026 2286; x_wconf 86' lang='lat' dir='ltr'><strong>patris,</strong></span> <span class='ocrx_word' id='word_1_158' title='bbox 1054 2200 1125 2264; x_wconf 91' lang='lat' dir='ltr'><strong>Deo</strong></span> <span class='ocrx_word' id='word_1_159' title='bbox 1148 2200 1280 2283; x_wconf 84' lang='lat' dir='ltr'><strong>gratias!</strong></span> <span class='ocrx_word' id='word_1_160' title='bbox 1311 2208 1361 2262; x_wconf 88' lang='lat' dir='ltr'><strong>est</strong></span> <span class='ocrx_word' id='word_1_161' title='bbox 1380 2199 1475 2263; x_wconf 90' lang='lat' dir='ltr'><strong>intro-</strong></span> 
     </span>
     <span class='ocr_line' id='line_1_21' title="bbox 219 2284 1338 2359; baseline -0.002 -12"><span class='ocrx_word' id='word_1_162' title='bbox 219 2286 227 2300; x_wconf 85' lang='lat'><em>&#39;</em></span> <span class='ocrx_word' id='word_1_163' title='bbox 363 2284 509 2356; x_wconf 72' lang='lat' dir='ltr'><strong>nizatua</strong></span> <span class='ocrx_word' id='word_1_164' title='bbox 621 2344 623 2349; x_wconf 85' lang='grc'><em>,</em></span> <span class='ocrx_word' id='word_1_165' title='bbox 971 2319 973 2323; x_wconf 54' lang='lat'>&lt;</span> <span class='ocrx_word' id='word_1_166' title='bbox 1275 2336 1281 2359; x_wconf 31' lang='lat' dir='ltr'><strong>p</strong></span> <span class='ocrx_word' id='word_1_167' title='bbox 1336 2309 1338 2314; x_wconf 92' lang='lat'>·</span> 
     </span>
     <span class='ocr_line' id='line_1_22' title="bbox 483 2356 1326 2448; baseline -0.002 -18"><span class='ocrx_word' id='word_1_168' title='bbox 483 2368 612 2447; x_wconf 75' lang='lat' dir='ltr'><strong>&#39;Quem</strong></span> <span class='ocrx_word' id='word_1_169' title='bbox 634 2368 724 2432; x_wconf 90' lang='lat' dir='ltr'><strong>Deus</strong></span> <span class='ocrx_word' id='word_1_170' title='bbox 745 2369 778 2430; x_wconf 92' lang='lat' dir='ltr'><strong>in</strong></span> <span class='ocrx_word' id='word_1_171' title='bbox 799 2368 1162 2430; x_wconf 83' lang='lat' dir='ltr'><strong>finenr.conse1·vetrite</strong></span> <span class='ocrx_word' id='word_1_172' title='bbox 1185 2356 1326 2448; x_wconf 84' lang='lat' dir='ltr'><strong>senilem,</strong></span> 
     </span>
     <span class='ocr_line' id='line_1_23' title="bbox 591 2446 1281 2534; baseline -0.003 -21"><span class='ocrx_word' id='word_1_173' title='bbox 591 2450 634 2514; x_wconf 87' lang='lat' dir='ltr'><strong>Et</strong></span> <span class='ocrx_word' id='word_1_174' title='bbox 654 2446 798 2534; x_wconf 89' lang='lat' dir='ltr'><strong>placidus</strong></span> <span class='ocrx_word' id='word_1_175' title='bbox 819 2450 935 2534; x_wconf 89' lang='lat' dir='ltr'><strong>placito</strong></span> <span class='ocrx_word' id='word_1_176' title='bbox 957 2449 999 2511; x_wconf 89' lang='lat' dir='ltr'><strong>sit</strong></span> <span class='ocrx_word' id='word_1_177' title='bbox 1019 2449 1091 2533; x_wconf 91' lang='lat' dir='ltr'><strong>pius</strong></span> <span class='ocrx_word' id='word_1_178' title='bbox 1113 2450 1181 2533; x_wconf 91' lang='lat' dir='ltr'><strong>ipse</strong></span> <span class='ocrx_word' id='word_1_179' title='bbox 1204 2449 1281 2531; x_wconf 70' lang='lat' dir='ltr'><strong>suo!¹</strong></span> 
     </span>
     <span class='ocr_line' id='line_1_24' title="bbox 446 2530 1474 2615; baseline -0.001 -18"><span class='ocrx_word' id='word_1_180' title='bbox 446 2531 634 2597; x_wconf 79' lang='lat' dir='ltr'><strong>Olronradus</strong></span> <span class='ocrx_word' id='word_1_181' title='bbox 657 2533 899 2597; x_wconf 80' lang='lat' dir='ltr'><strong>Carentinorum</strong></span> <span class='ocrx_word' id='word_1_182' title='bbox 920 2532 997 2610; x_wconf 74' lang='lat' dir='ltr'><strong>dux,</strong></span> <span class='ocrx_word' id='word_1_183' title='bbox 1019 2530 1354 2615; x_wconf 77' lang='lat' dir='ltr'><strong>patruelisOhonradi</strong></span> <span class='ocrx_word' id='word_1_184' title='bbox 1373 2531 1418 2593; x_wconf 90' lang='lat' dir='ltr'><strong>im</strong></span> <span class='ocrx_word' id='word_1_185' title='bbox 1443 2536 1474 2596; x_wconf 75' lang='lat' dir='ltr'><strong>e‘-</strong></span> 
     </span>
     <span class='ocr_line' id='line_1_25' title="bbox 360 2603 1499 2697; baseline 0.002 -19"><span class='ocrx_word' id='word_1_186' title='bbox 360 2615 489 2697; x_wconf 77' lang='lat' dir='ltr'><strong>raterio,</strong></span> <span class='ocrx_word' id='word_1_187' title='bbox 522 2616 569 2679; x_wconf 84' lang='lat'><strong>13.</strong></span> <span class='ocrx_word' id='word_1_188' title='bbox 592 2614 664 2679; x_wconf 87' lang='lat' dir='ltr'><strong>Kal.</strong></span> <span class='ocrx_word' id='word_1_189' title='bbox 685 2614 824 2677; x_wconf 71' lang='lat' dir='ltr'><strong>Auousri</strong></span> <span class='ocrx_word' id='word_1_190' title='bbox 845 2617 1004 2677; x_wconf 87' lang='lat' dir='ltr'><strong>inmatura</strong></span> <span class='ocrx_word' id='word_1_191' title='bbox 1024 2610 1138 2694; x_wconf 81' lang='lat' dir='ltr'><strong>morte,</strong></span> <span class='ocrx_word' id='word_1_192' title='bbox 1167 2615 1255 2696; x_wconf 83' lang='lat' dir='ltr'><strong>regio</strong></span> <span class='ocrx_word' id='word_1_193' title='bbox 1284 2613 1413 2677; x_wconf 90' lang='lat' dir='ltr'><strong>morbo.</strong></span> <span class='ocrx_word' id='word_1_194' title='bbox 1441 2603 1499 2680; x_wconf 62' lang='lat' dir='ltr'><strong>&#39;u&#39;</strong></span> 
     </span>
     <span class='ocr_line' id='line_1_26' title="bbox 358 2664 1474 2785; baseline -0.002 -23"><span class='ocrx_word' id='word_1_195' title='bbox 358 2699 521 2785; x_wconf 82' lang='lat' dir='ltr'><strong>fatigatus,</strong></span> <span class='ocrx_word' id='word_1_196' title='bbox 532 2697 696 2762; x_wconf 87' lang='lat' dir='ltr'><strong>discessit.</strong></span> <span class='ocrx_word' id='word_1_197' title='bbox 737 2664 860 2760; x_wconf 63' lang='lat' dir='ltr'><strong>Sodem</strong></span> <span class='ocrx_word' id='word_1_198' title='bbox 876 2697 928 2760; x_wconf 88' lang='lat' dir='ltr'><strong>die</strong></span> <span class='ocrx_word' id='word_1_199' title='bbox 942 2695 1141 2760; x_wconf 89' lang='lat' dir='ltr'><strong>venerandae</strong></span> <span class='ocrx_word' id='word_1_200' title='bbox 1155 2696 1326 2759; x_wconf 84' lang='lat' dir='ltr'><strong>memoriae</strong></span> <span class='ocrx_word' id='word_1_201' title='bbox 1340 2695 1474 2760; x_wconf 90' lang='lat' dir='ltr'><strong>Rihhar-</strong></span> 
     </span>
    </p>

    <p class='ocr_par' dir='ltr' id='par_1_8' title="bbox 334 2767 1564 3035">
     <span class='ocr_line' id='line_1_27' title="bbox 334 2767 1472 2863; baseline -0.001 -17"><span class='ocrx_word' id='word_1_202' title='bbox 334 2851 339 2859; x_wconf 58' lang='grc'><em>,</em></span> <span class='ocrx_word' id='word_1_203' title='bbox 360 2783 420 2846; x_wconf 87' lang='lat' dir='ltr'><strong>dus</strong></span> <span class='ocrx_word' id='word_1_204' title='bbox 435 2781 536 2847; x_wconf 87' lang='lat' dir='ltr'><strong>abbas</strong></span> <span class='ocrx_word' id='word_1_205' title='bbox 551 2780 721 2845; x_wconf 85' lang='lat' dir='ltr'><strong>Fuldensis</strong></span> <span class='ocrx_word' id='word_1_206' title='bbox 744 2780 831 2844; x_wconf 90' lang='lat' dir='ltr'><strong>obiit.</strong></span> <span class='ocrx_word' id='word_1_207' title='bbox 857 2780 903 2863; x_wconf 84' lang='lat' dir='ltr'><strong>In</strong></span> <span class='ocrx_word' id='word_1_208' title='bbox 918 2779 1007 2842; x_wconf 91' lang='lat' dir='ltr'><strong>cuius</strong></span> <span class='ocrx_word' id='word_1_209' title='bbox 1029 2778 1136 2842; x_wconf 92' lang='lat' dir='ltr'><strong>locum</strong></span> <span class='ocrx_word' id='word_1_210' title='bbox 1152 2767 1363 2843; x_wconf 76' lang='lat' dir='ltr'><strong>Smnwnanus</strong></span> <span class='ocrx_word' id='word_1_211' title='bbox 1385 2780 1472 2845; x_wconf 91' lang='lat' dir='ltr'><strong>iuve-</strong></span> 
     </span>
     <span class='ocr_line' id='line_1_28' title="bbox 358 2860 1564 2951; baseline -0.002 -21"><span class='ocrx_word' id='word_1_212' title='bbox 358 2869 418 2949; x_wconf 80' lang='lat' dir='ltr'><strong>nis,</strong></span> <span class='ocrx_word' id='word_1_213' title='bbox 441 2864 482 2930; x_wconf 90' lang='lat' dir='ltr'><strong>ab</strong></span> <span class='ocrx_word' id='word_1_214' title='bbox 504 2867 575 2951; x_wconf 89' lang='lat' dir='ltr'><strong>ipso</strong></span> <span class='ocrx_word' id='word_1_215' title='bbox 594 2882 635 2928; x_wconf 76' lang='lat' dir='ltr'><strong>&#39;eo</strong></span> <span class='ocrx_word' id='word_1_216' title='bbox 657 2862 720 2927; x_wconf 91' lang='lat' dir='ltr'><strong>loci</strong></span> <span class='ocrx_word' id='word_1_217' title='bbox 742 2865 774 2926; x_wconf 92' lang='lat' dir='ltr'><strong>in</strong></span> <span class='ocrx_word' id='word_1_218' title='bbox 796 2860 904 2927; x_wconf 86' lang='lat' dir='ltr'><strong>divino</strong></span> <span class='ocrx_word' id='word_1_219' title='bbox 926 2862 1093 2939; x_wconf 77' lang='lat' dir='ltr'><strong>servimine</strong></span> <span class='ocrx_word' id='word_1_220' title='bbox 1116 2860 1303 2946; x_wconf 83' lang='lat' dir='ltr'><strong>regulariter</strong></span> <span class='ocrx_word' id='word_1_221' title='bbox 1324 2873 1355 2928; x_wconf 89' lang='lat' dir='ltr'><strong>et</strong></span> <span class='ocrx_word' id='word_1_222' title='bbox 1376 2864 1472 2927; x_wconf 74' lang='lat' dir='ltr'><strong>edam</strong></span> <span class='ocrx_word' id='word_1_223' title='bbox 1561 2907 1564 2913; x_wconf 88' lang='lat'><strong>·</strong></span> 
     </span>
     <span class='ocr_line' id='line_1_29' title="bbox 358 2944 1473 3035; baseline -0.002 -22"><span class='ocrx_word' id='word_1_224' title='bbox 358 2951 520 3035; x_wconf 82' lang='lat' dir='ltr'><strong>sapienter</strong></span> <span class='ocrx_word' id='word_1_225' title='bbox 541 2949 706 3026; x_wconf 82' lang='lat' dir='ltr'><strong>enutritus,</strong></span> <span class='ocrx_word' id='word_1_226' title='bbox 733 2946 859 3011; x_wconf 87' lang='lat' dir='ltr'><strong>insedit.</strong></span> <span class='ocrx_word' id='word_1_227' title='bbox 885 2946 1037 3032; x_wconf 10' lang='lat' dir='ltr'><strong>*Hisdcm</strong></span> <span class='ocrx_word' id='word_1_228' title='bbox 1060 2944 1174 3010; x_wconf 92' lang='lat' dir='ltr'><strong>diebus</strong></span> <span class='ocrx_word' id='word_1_229' title='bbox 1196 2944 1351 3011; x_wconf 83' lang='lat' dir='ltr'><strong>Radulfus</strong></span> <span class='ocrx_word' id='word_1_230' title='bbox 1373 2947 1473 3025; x_wconf 78' lang='lat' dir='ltr'><strong>abbas</strong></span> 
     </span>
    </p>

    <p class='ocr_par' dir='ltr' id='par_1_9' title="bbox 201 3026 1521 3187">
     <span class='ocr_line' id='line_1_30' title="bbox 201 3026 1473 3107; baseline -0.004 -9"><span class='ocrx_word' id='word_1_231' title='bbox 201 3091 208 3107; x_wconf 45' lang='lat' dir='ltr'><strong><em>s</em></strong></span> <span class='ocrx_word' id='word_1_232' title='bbox 359 3028 398 3097; x_wconf 87' lang='lat' dir='ltr'><strong>de</strong></span> <span class='ocrx_word' id='word_1_233' title='bbox 413 3034 531 3098; x_wconf 85' lang='lat' dir='ltr'><strong>Diuzi¹</strong></span> <span class='ocrx_word' id='word_1_234' title='bbox 556 3033 665 3097; x_wconf 89' lang='lat' dir='ltr'><strong>obivit.</strong></span> <span class='ocrx_word' id='word_1_235' title='bbox 692 3033 750 3099; x_wconf 86' lang='lat' dir='ltr'><strong>Pie</strong></span> <span class='ocrx_word' id='word_1_236' title='bbox 771 3032 803 3093; x_wconf 90' lang='lat' dir='ltr'><strong>in</strong></span> <span class='ocrx_word' id='word_1_237' title='bbox 820 3026 948 3096; x_wconf 74' lang='lat' dir='ltr'><strong>Chn&#39;sto</strong></span> <span class='ocrx_word' id='word_1_238' title='bbox 960 3029 1150 3107; x_wconf 89' lang='lat' dir='ltr'><strong>venerabilis</strong></span> <span class='ocrx_word' id='word_1_239' title='bbox 1168 3031 1339 3094; x_wconf 86' lang='lat' dir='ltr'><strong>memoriae</strong></span> <span class='ocrx_word' id='word_1_240' title='bbox 1354 3030 1473 3096; x_wconf 83' lang='lat' dir='ltr'><strong>domna</strong></span> 
     </span>
     <span class='ocr_line' id='line_1_31' title="bbox 294 3111 1521 3187; baseline -0.002 -6"><span class='ocrx_word' id='word_1_241' title='bbox 294 3138 296 3144; x_wconf 89' lang='lat'>·</span> <span class='ocrx_word' id='word_1_242' title='bbox 359 3116 478 3181; x_wconf 73' lang='lat' dir='ltr'><strong>Soenm</strong></span> <span class='ocrx_word' id='word_1_243' title='bbox 500 3119 529 3182; x_wconf 84' lang='grc'><strong>6.</strong></span> <span class='ocrx_word' id='word_1_244' title='bbox 552 3115 625 3180; x_wconf 90' lang='lat' dir='ltr'><strong>Kal.</strong></span> <span class='ocrx_word' id='word_1_245' title='bbox 647 3113 743 3180; x_wconf 84' lang='lat' dir='ltr'><strong>Febr.</strong></span> <span class='ocrx_word' id='word_1_246' title='bbox 774 3115 861 3179; x_wconf 90' lang='lat' dir='ltr'><strong>obiit.</strong></span> <span class='ocrx_word' id='word_1_247' title='bbox 906 3113 971 3178; x_wconf 88' lang='lat' dir='ltr'><strong>Sed</strong></span> <span class='ocrx_word' id='word_1_248' title='bbox 992 3112 1066 3176; x_wconf 90' lang='lat' dir='ltr'><strong>huic</strong></span> <span class='ocrx_word' id='word_1_249' title='bbox 1087 3113 1121 3176; x_wconf 80' lang='lat' dir='ltr'><strong>ir&#39;r</strong></span> <span class='ocrx_word' id='word_1_250' title='bbox 1143 3111 1472 3187; x_wconf 11' lang='lat' dir='ltr'><strong>Gaudesheimvsoror</strong></span> <span class='ocrx_word' id='word_1_251' title='bbox 1519 3113 1521 3118; x_wconf 75' lang='grc'><strong>’</strong></span> 
     </span>
    </p>

    <p class='ocr_par' dir='ltr' id='par_1_10' title="bbox 219 3194 1469 3283">
     <span class='ocr_line' id='line_1_32' title="bbox 219 3194 1469 3283; baseline 0 -20"><span class='ocrx_word' id='word_1_252' title='bbox 219 3194 224 3203; x_wconf 37' lang='lat'>⁸</span> <span class='ocrx_word' id='word_1_253' title='bbox 359 3203 426 3263; x_wconf 90' lang='lat' dir='ltr'><strong>eius</strong></span> <span class='ocrx_word' id='word_1_254' title='bbox 448 3202 649 3279; x_wconf 76' lang='lat' dir='ltr'><strong>Anannnmn,</strong></span> <span class='ocrx_word' id='word_1_255' title='bbox 672 3197 932 3283; x_wconf 78' lang='lat' dir='ltr'><strong>Quideliugensis</strong></span> <span class='ocrx_word' id='word_1_256' title='bbox 955 3197 1082 3280; x_wconf 88' lang='lat' dir='ltr'><strong>domna,</strong></span> <span class='ocrx_word' id='word_1_257' title='bbox 1104 3198 1281 3262; x_wconf 73' lang='lat' dir='ltr'><strong>successit</strong></span> <span class='ocrx_word' id='word_1_258' title='bbox 1308 3197 1352 3261; x_wconf 85' lang='lat' dir='ltr'><strong>Et</strong></span> <span class='ocrx_word' id='word_1_259' title='bbox 1372 3196 1469 3263; x_wconf 89' lang='lat' dir='ltr'><strong>abba-</strong></span> 
     </span>
    </p>

    <p class='ocr_par' dir='ltr' id='par_1_11' title="bbox 356 3280 1276 3367">
     <span class='ocr_line' id='line_1_33' title="bbox 356 3280 1276 3367; baseline -0.001 -20"><span class='ocrx_word' id='word_1_260' title='bbox 356 3283 435 3347; x_wconf 87' lang='lat' dir='ltr'><strong>tiam</strong></span> <span class='ocrx_word' id='word_1_261' title='bbox 456 3282 610 3346; x_wconf 82' lang='lat' dir='ltr'><strong>Aesnidi²</strong></span> <span class='ocrx_word' id='word_1_262' title='bbox 632 3282 720 3347; x_wconf 82' lang='lat' dir='ltr'><strong>Theo</strong></span> <span class='ocrx_word' id='word_1_263' title='bbox 745 3282 840 3365; x_wconf 82' lang='lat' dir='ltr'><strong>hanu,</strong></span> <span class='ocrx_word' id='word_1_264' title='bbox 862 3285 967 3367; x_wconf 88' lang='lat' dir='ltr'><strong>neptis</strong></span> <span class='ocrx_word' id='word_1_265' title='bbox 989 3303 1107 3362; x_wconf 91' lang='lat' dir='ltr'><strong>earum,</strong></span> <span class='ocrx_word' id='word_1_266' title='bbox 1130 3280 1276 3346; x_wconf 86' lang='lat' dir='ltr'><strong>obtinuit.</strong></span> 
     </span>
    </p>

    <p class='ocr_par' dir='ltr' id='par_1_12' title="bbox 284 3306 1471 3450">
     <span class='ocr_line' id='line_1_34' title="bbox 284 3306 1471 3450; baseline 0.001 -22"><span class='ocrx_word' id='word_1_267' title='bbox 284 3371 348 3421; x_wconf 52' lang='grc' dir='ltr'><strong>ωδ·</strong></span> <span class='ocrx_word' id='word_1_268' title='bbox 441 3364 558 3428; x_wconf 79' lang='lat' dir='ltr'><strong>Senior</strong></span> <span class='ocrx_word' id='word_1_269' title='bbox 580 3375 696 3439; x_wconf 84' lang='lat' dir='ltr'><strong>noster</strong></span> <span class='ocrx_word' id='word_1_270' title='bbox 715 3306 920 3439; x_wconf 60' lang='lat' dir='ltr'><strong>ihietmarus</strong></span> <span class='ocrx_word' id='word_1_271' title='bbox 943 3365 1116 3450; x_wconf 88' lang='lat' dir='ltr'><strong>episcopus</strong></span> <span class='ocrx_word' id='word_1_272' title='bbox 1145 3374 1219 3450; x_wconf 86' lang='lat' dir='ltr'><strong>post</strong></span> <span class='ocrx_word' id='word_1_273' title='bbox 1245 3363 1368 3429; x_wconf 88' lang='lat' dir='ltr'><strong>obitum</strong></span> <span class='ocrx_word' id='word_1_274' title='bbox 1400 3387 1471 3450; x_wconf 88' lang='lat' dir='ltr'><strong>pre-</strong></span> 
     </span>
    </p>

    <p class='ocr_par' dir='ltr' id='par_1_13' title="bbox 262 3445 1470 3531">
     <span class='ocr_line' id='line_1_35' title="bbox 262 3445 1470 3531; baseline 0 -19"><span class='ocrx_word' id='word_1_275' title='bbox 262 3492 265 3505; x_wconf 42' lang='grc' dir='ltr'><strong><em>ι</em></strong></span> <span class='ocrx_word' id='word_1_276' title='bbox 356 3446 460 3512; x_wconf 87' lang='lat' dir='ltr'><strong>dictae</strong></span> <span class='ocrx_word' id='word_1_277' title='bbox 489 3448 624 3512; x_wconf 89' lang='lat' dir='ltr'><strong>domnae</strong></span> <span class='ocrx_word' id='word_1_278' title='bbox 647 3446 785 3531; x_wconf 91' lang='lat' dir='ltr'><strong>Sophiae</strong></span> <span class='ocrx_word' id='word_1_279' title='bbox 812 3446 954 3511; x_wconf 91' lang='lat' dir='ltr'><strong>decimas</strong></span> <span class='ocrx_word' id='word_1_280' title='bbox 981 3469 1078 3531; x_wconf 90' lang='lat' dir='ltr'><strong>super</strong></span> <span class='ocrx_word' id='word_1_281' title='bbox 1104 3445 1308 3523; x_wconf 78' lang='lat' dir='ltr'><strong>Gandeshem</strong></span> <span class='ocrx_word' id='word_1_282' title='bbox 1336 3449 1470 3512; x_wconf 90' lang='lat' dir='ltr'><strong>circum·</strong></span> 
     </span>
    </p>

    <p class='ocr_par' dir='ltr' id='par_1_14' title="bbox 356 3528 1469 3616">
     <span class='ocr_line' id='line_1_36' title="bbox 356 3528 1469 3616; baseline 0.003 -22"><span class='ocrx_word' id='word_1_283' title='bbox 356 3533 558 3616; x_wconf 86' lang='lat' dir='ltr'><strong>iacentesque</strong></span> <span class='ocrx_word' id='word_1_284' title='bbox 579 3528 716 3612; x_wconf 89' lang='lat' dir='ltr'><strong>villulas,</strong></span> <span class='ocrx_word' id='word_1_285' title='bbox 738 3552 817 3616; x_wconf 86' lang='lat' dir='ltr'><strong>quas</strong></span> <span class='ocrx_word' id='word_1_286' title='bbox 844 3531 916 3614; x_wconf 92' lang='lat' dir='ltr'><strong>ipsa</strong></span> <span class='ocrx_word' id='word_1_287' title='bbox 944 3551 964 3592; x_wconf 88' lang='lat' dir='ltr'><strong>a</strong></span> <span class='ocrx_word' id='word_1_288' title='bbox 983 3530 1100 3592; x_wconf 88' lang='lat' dir='ltr'><strong>nostris</strong></span> <span class='ocrx_word' id='word_1_289' title='bbox 1120 3530 1299 3595; x_wconf 88' lang='lat' dir='ltr'><strong>senioribus</strong></span> <span class='ocrx_word' id='word_1_290' title='bbox 1312 3531 1354 3609; x_wconf 89' lang='lat' dir='ltr'><strong>in</strong></span> <span class='ocrx_word' id='word_1_291' title='bbox 1374 3530 1469 3597; x_wconf 84' lang='lat' dir='ltr'><strong>hene-</strong></span> 
     </span>
    </p>

    <p class='ocr_par' dir='ltr' id='par_1_15' title="bbox 355 3611 1469 3696">
     <span class='ocr_line' id='line_1_37' title="bbox 355 3611 1469 3696; baseline 0 -17"><span class='ocrx_word' id='word_1_292' title='bbox 355 3617 464 3679; x_wconf 89' lang='lat' dir='ltr'><strong>ficium</strong></span> <span class='ocrx_word' id='word_1_293' title='bbox 485 3614 613 3696; x_wconf 84' lang='lat' dir='ltr'><strong>habuit,</strong></span> <span class='ocrx_word' id='word_1_294' title='bbox 630 3615 675 3676; x_wconf 72' lang='lat' dir='ltr'><strong>&#39;in</strong></span> <span class='ocrx_word' id='word_1_295' title='bbox 698 3635 788 3681; x_wconf 87' lang='lat' dir='ltr'><strong>suam</strong></span> <span class='ocrx_word' id='word_1_296' title='bbox 803 3615 997 3677; x_wconf 87' lang='lat' dir='ltr'><strong>vestituram</strong></span> <span class='ocrx_word' id='word_1_297' title='bbox 1018 3611 1120 3696; x_wconf 87' lang='lat' dir='ltr'><strong>recipi</strong></span> <span class='ocrx_word' id='word_1_298' title='bbox 1141 3613 1246 3695; x_wconf 84' lang='lat' dir='ltr'><strong>iussit3</strong></span> <span class='ocrx_word' id='word_1_299' title='bbox 1270 3615 1327 3676; x_wconf 55' lang='lat' dir='ltr'><strong>cui*</strong></span> <span class='ocrx_word' id='word_1_300' title='bbox 1343 3613 1469 3679; x_wconf 86' lang='lat' dir='ltr'><strong>Bezoca</strong></span> 
     </span>
    </p>

    <p class='ocr_par' dir='ltr' id='par_1_16' title="bbox 378 3693 1470 3785">
     <span class='ocr_line' id='line_1_38' title="bbox 378 3693 1470 3785; baseline -0.002 -23"><span class='ocrx_word' id='word_1_301' title='bbox 378 3700 522 3785; x_wconf 85' lang='lat' dir='ltr'><strong>reposita</strong></span> <span class='ocrx_word' id='word_1_302' title='bbox 545 3719 619 3762; x_wconf 90' lang='lat' dir='ltr'><strong>cum</strong></span> <span class='ocrx_word' id='word_1_303' title='bbox 648 3697 715 3761; x_wconf 89' lang='lat' dir='ltr'><strong>suis</strong></span> <span class='ocrx_word' id='word_1_304' title='bbox 745 3696 922 3761; x_wconf 87' lang='lat' dir='ltr'><strong>fautoribus</strong></span> <span class='ocrx_word' id='word_1_305' title='bbox 941 3694 1057 3759; x_wconf 84' lang='lat' dir='ltr'><strong>frivola</strong></span> <span class='ocrx_word' id='word_1_306' title='bbox 1084 3693 1320 3777; x_wconf 84' lang='lat' dir='ltr'><strong>machinatione</strong></span> <span class='ocrx_word' id='word_1_307' title='bbox 1346 3699 1470 3765; x_wconf 85' lang='lat' dir='ltr'><strong>restitit.</strong></span> 
     </span>
    </p>

    <p class='ocr_par' dir='ltr' id='par_1_17' title="bbox 367 3777 1472 3866">
     <span class='ocr_line' id='line_1_39' title="bbox 367 3777 1472 3866; baseline -0.003 -19"><span class='ocrx_word' id='word_1_308' title='bbox 367 3782 650 3863; x_wconf 42' lang='lat' dir='ltr'><strong>‚asmetdecimas</strong></span> <span class='ocrx_word' id='word_1_309' title='bbox 671 3783 741 3866; x_wconf 90' lang='lat' dir='ltr'><strong>ipse</strong></span> <span class='ocrx_word' id='word_1_310' title='bbox 763 3777 874 3860; x_wconf 87' lang='lat' dir='ltr'><strong>mod0,·</strong></span> <span class='ocrx_word' id='word_1_311' title='bbox 894 3778 1057 3843; x_wconf 88' lang='lat' dir='ltr'><strong>abbatissa</strong></span> <span class='ocrx_word' id='word_1_312' title='bbox 1076 3777 1273 3858; x_wconf 85' lang='lat' dir='ltr'><strong>adveniente,</strong></span> <span class='ocrx_word' id='word_1_313' title='bbox 1321 3779 1472 3844; x_wconf 87' lang='lat' dir='ltr'><strong>ontifioali</strong></span> 
     </span>
    </p>

    <p class='ocr_par' dir='ltr' id='par_1_18' title="bbox 353 3801 1470 3951">
     <span class='ocr_line' id='line_1_40' title="bbox 353 3801 1470 3951; baseline -0.001 -21"><span class='ocrx_word' id='word_1_314' title='bbox 353 3869 540 3932; x_wconf 86' lang='lat' dir='ltr'><strong>auctoritate</strong></span> <span class='ocrx_word' id='word_1_315' title='bbox 563 3865 722 3951; x_wconf 84' lang='lat' dir='ltr'><strong>repetivit</strong></span> <span class='ocrx_word' id='word_1_316' title='bbox 737 3884 864 3949; x_wconf 70' lang='lat' dir='ltr'><strong>‚easque</strong></span> <span class='ocrx_word' id='word_1_317' title='bbox 891 3885 950 3948; x_wconf 91' lang='lat' dir='ltr'><strong>per</strong></span> <span class='ocrx_word' id='word_1_318' title='bbox 971 3884 1102 3926; x_wconf 91' lang='lat' dir='ltr'><strong>manum</strong></span> <span class='ocrx_word' id='word_1_319' title='bbox 1118 3861 1276 3928; x_wconf 62' lang='lat' dir='ltr'><strong>„advocati</strong></span> <span class='ocrx_word' id='word_1_320' title='bbox 1296 3801 1470 3929; x_wconf 65' lang='lat' dir='ltr'><strong>buristiani</strong></span> 
     </span>
    </p>

    <p class='ocr_par' dir='ltr' id='par_1_19' title="bbox 257 3946 1469 4044">
     <span class='ocr_line' id='line_1_41' title="bbox 257 3946 1469 4044; baseline 0.001 -32"><span class='ocrx_word' id='word_1_321' title='bbox 257 3980 261 3986; x_wconf 91' lang='lat'><strong>·</strong></span> <span class='ocrx_word' id='word_1_322' title='bbox 354 3951 478 4015; x_wconf 90' lang='lat' dir='ltr'><strong>comitis</strong></span> <span class='ocrx_word' id='word_1_323' title='bbox 493 3973 565 4014; x_wconf 90' lang='lat' dir='ltr'><strong>cum</strong></span> <span class='ocrx_word' id='word_1_324' title='bbox 580 3949 678 4035; x_wconf 85' lang='lat' dir='ltr'><strong>digna</strong></span> <span class='ocrx_word' id='word_1_325' title='bbox 691 3946 906 4014; x_wconf 74' lang='lat' dir='ltr'><strong>satisfactione</strong></span> <span class='ocrx_word' id='word_1_326' title='bbox 921 3947 956 4016; x_wconf 87' lang='lat' dir='ltr'><strong>in</strong></span> <span class='ocrx_word' id='word_1_327' title='bbox 971 3946 1144 4044; x_wconf 88' lang='lat' dir='ltr'><strong>proprium</strong></span> <span class='ocrx_word' id='word_1_328' title='bbox 1158 3946 1227 4011; x_wconf 88' lang='lat' dir='ltr'><strong>sine</strong></span> <span class='ocrx_word' id='word_1_329' title='bbox 1244 3949 1357 4033; x_wconf 86' lang='lat' dir='ltr'><strong>quavis</strong></span> <span class='ocrx_word' id='word_1_330' title='bbox 1375 3949 1469 4013; x_wconf 85' lang='lat' dir='ltr'><strong>inter-</strong></span> 
     </span>
    </p>

    <p class='ocr_par' dir='ltr' id='par_1_20' title="bbox 354 4030 1467 4119">
     <span class='ocr_line' id='line_1_42' title="bbox 354 4030 1467 4119; baseline -0.001 -22"><span class='ocrx_word' id='word_1_331' title='bbox 354 4033 490 4097; x_wconf 85' lang='lat' dir='ltr'><strong>dictione</strong></span> <span class='ocrx_word' id='word_1_332' title='bbox 517 4035 546 4100; x_wconf 84' lang='grc'><strong>5.</strong></span> <span class='ocrx_word' id='word_1_333' title='bbox 575 4033 648 4100; x_wconf 88' lang='lat' dir='ltr'><strong>Kal.</strong></span> <span class='ocrx_word' id='word_1_334' title='bbox 678 4033 792 4098; x_wconf 68' lang='lat' dir='ltr'><strong>liotob.</strong></span> <span class='ocrx_word' id='word_1_335' title='bbox 822 4032 938 4118; x_wconf 90' lang='lat' dir='ltr'><strong>recipit</strong></span> <span class='ocrx_word' id='word_1_336' title='bbox 969 4054 1003 4094; x_wconf 92' lang='lat' dir='ltr'><strong>m</strong></span> <span class='ocrx_word' id='word_1_337' title='bbox 1035 4030 1132 4095; x_wconf 92' lang='lat' dir='ltr'><strong>choro</strong></span> <span class='ocrx_word' id='word_1_338' title='bbox 1165 4030 1353 4116; x_wconf 81' lang='lat' dir='ltr'><strong>aquilonali3</strong></span> <span class='ocrx_word' id='word_1_339' title='bbox 1387 4055 1467 4119; x_wconf 88' lang='lat' dir='ltr'><strong>quas</strong></span> 
     </span>
    </p>

    <p class='ocr_par' dir='ltr' id='par_1_21' title="bbox 352 4113 1469 4208">
     <span class='ocr_line' id='line_1_43' title="bbox 352 4113 1469 4208; baseline 0 -29"><span class='ocrx_word' id='word_1_340' title='bbox 352 4125 466 4202; x_wconf 89' lang='lat' dir='ltr'><strong>postea</strong></span> <span class='ocrx_word' id='word_1_341' title='bbox 497 4117 599 4182; x_wconf 90' lang='lat' dir='ltr'><strong>eidem</strong></span> <span class='ocrx_word' id='word_1_342' title='bbox 624 4116 726 4183; x_wconf 78' lang='lat' dir='ltr'><strong>&#39;altari</strong></span> <span class='ocrx_word' id='word_1_343' title='bbox 753 4126 785 4181; x_wconf 91' lang='lat' dir='ltr'><strong>et</strong></span> <span class='ocrx_word' id='word_1_344' title='bbox 811 4115 974 4182; x_wconf 85' lang='lat' dir='ltr'><strong>abbatisse</strong></span> <span class='ocrx_word' id='word_1_345' title='bbox 1000 4113 1148 4208; x_wconf 79' lang='lat' dir='ltr'><strong>beneficii</strong></span> <span class='ocrx_word' id='word_1_346' title='bbox 1176 4117 1292 4201; x_wconf 85' lang='lat' dir='ltr'><strong>gratia,</strong></span> <span class='ocrx_word' id='word_1_347' title='bbox 1326 4117 1469 4202; x_wconf 89' lang='lat' dir='ltr'><strong>quandiu</strong></span> 
     </span>
    </p>
   </div>
   <div class='ocr_carea' id='block_1_3' title="bbox 441 4277 580 4329">
    <p class='ocr_par' dir='ltr' id='par_1_22' title="bbox 441 4277 580 4329">
     <span class='ocr_line' id='line_1_44' title="bbox 441 4277 580 4329; baseline 0.007 -10"><span class='ocrx_word' id='word_1_348' title='bbox 441 4277 464 4329; x_wconf 74' lang='lat' dir='ltr'><strong>u)</strong></span> <span class='ocrx_word' id='word_1_349' title='bbox 480 4279 548 4328; x_wconf 77' lang='lat' dir='ltr'><strong>plcet.</strong></span> <span class='ocrx_word' id='word_1_350' title='bbox 563 4289 580 4320; x_wconf 76' lang='lat' dir='ltr'><strong>c.</strong></span> 
     </span>
    </p>
   </div>
   <div class='ocr_carea' id='block_1_4' title="bbox 444 4369 810 4476">
    <p class='ocr_par' dir='ltr' id='par_1_23' title="bbox 444 4369 810 4476">
     <span class='ocr_line' id='line_1_45' title="bbox 444 4369 810 4476; baseline 0 -17"><span class='ocrx_word' id='word_1_351' title='bbox 444 4406 473 4476; x_wconf 90' lang='lat'><strong>1)</strong></span> <span class='ocrx_word' id='word_1_352' title='bbox 492 4369 597 4460; x_wconf 78' lang='lat' dir='ltr'><strong>Dealz.</strong></span> <span class='ocrx_word' id='word_1_353' title='bbox 664 4405 693 4472; x_wconf 79' lang='lat'><strong>2)</strong></span> <span class='ocrx_word' id='word_1_354' title='bbox 715 4376 810 4460; x_wconf 67' lang='lat' dir='ltr'><strong>Esseh.</strong></span> 
     </span>
    </p>
   </div>
   <div class='ocr_carea' id='block_1_5' title="bbox 0 0 1674 5148">
    <p class='ocr_par' dir='ltr' id='par_1_24' title="bbox 0 0 1674 5148">
     <span class='ocr_line' id='line_1_46' title="bbox 0 0 1674 5148; baseline 0 0"><span class='ocrx_word' id='word_1_355' title='bbox 0 0 1674 5148; x_wconf 95' lang='lat' dir='ltr'><strong> </strong></span> 
     </span>
    </p>
   </div>
  </div>
 </body>
</html>
