3340 5150
384 498 387 506 ,
490 438 654 491 ansanus
672 436 1029 491 mortuummare.
1298 438 1331 488 es

217 601 349 690 cipibus
369 604 404 667 in
426 603 628 668 concordiam
650 625 723 667 cum
745 603 934 688 imperatore
955 603 1102 667 sociatur.
1187 603 1226 667 In
1251 603 1331 669 festo

215 696 429 786 pentecosten
443 686 530 772 apud
544 684 766 771 Magadcburg
786 686 924 770 primum
968 686 1106 770 rincipes
1120 688 1209 770 regni
1225 709 1332 763 coram
1341 706 1387 747 uas
1398 707 1433 748 rs.

216 780 414 857 smperatore
442 768 654 834 firmissimam
679 790 793 853 pacem
819 768 907 833 domi
948 769 1074 855 orisque
1101 769 1141 833 ad
1166 772 1205 832 10
1231 790 1331 835 annos

216 854 414 918 iurauerunt
499 853 537 915 In
558 852 639 916 festo
652 852 762 916 sancti
782 850 967 917 Michahelis
987 854 1020 915 in
1046 851 1115 916 loeo
1139 854 1194 937 qui
1215 853 1467 918 diciturenim.-

218 935 432 1081 Muleplhusen
454 934 635 1017 Conradus,
663 934 760 999 frater
780 934 935 999 Friderici
953 934 1054 1018 ducis,
1080 936 1263 1021 imperatori
1284 950 1331 1003 re·

212 1021 316 1085 -conci
331 1022 421 1084 atur.
637 1067 643 1080 ,
921 1023 928 1039 ’

308 1103 400 1168 1136.
450 1101 589 1186 irruptio
620 1098 788 1166 slavorum
820 1101 854 1163 in
885 1110 991 1186 partes
1014 1098 1188 1184 Saxoniae3
1222 1114 1331 1167 contra

221 1206 304 1271 quos
325 1184 516 1250 Adelbcrtus
545 1183 686 1248 marchio
712 1185 888 1249 exercitum
908 1205 1056 1266 movens,
1083 1194 1198 1250 terram
1221 1208 1331 1250 eorum

223 1290 290 1333 non
310 1267 409 1335 semel
428 1265 584 1333 hostiliter
604 1267 720 1332 invasit
740 1276 772 1330 et
792 1265 1003 1366 depopulatus
1025 1279 1081 1332 est.
1167 1268 1262 1333 Circa
1283 1291 1331 1332 as-

206 1352 436 1438 ·sumptionem
459 1351 717 1415 sarrctae‘hlariae
732 1373 773 1415 ex
797 1350 893 1415 editio
915 1351 1112 1434 imperatoris
1135 1353 1168 1415 in
1182 1352 1446 1416 attollamus-1⁶.
1498 1399 1501 1403 -

286 1435 398 1507 ·1137‚,
441 1434 618 1519 Imperator
638 1432 742 1498 natale
763 1372 904 1515 llomini,
926 1432 1070 1497 similiter
1091 1446 1123 1499 et
1142 1435 1270 1520 pascha,
1298 1437 1331 1498 in
1341 1450 1441 1502 Aaou·
1473 1497 1484 1505 ‚⁴

220 1516 487 1599 Italiatcelebrut,
540 1526 719 1582 cntccosten
739 1538 815 1580 vero
844 1516 930 1602 apud
950 1517 1070 1580 Baium
1097 1540 1170 1582 cum
1192 1518 1333 1603 generali

223 1600 428 1689 [convenere]
459 1539 643 1664 Italicorum
674 1601 866 1699 principum.
919 1598 970 1662 Ibi
996 1600 1104 1665 Bruno
1133 1601 1331 1667 Coloniensis
1375 1600 1382 1607 ’

222 1684 482 1769 archiepiscopus
510 1683 602 1765 obiit3
632 1682 816 1769 cu1Hug0‚
845 1683 984 1747 decanus
1007 1683 1116 1748 Sancti
1137 1686 1233 1764 Petri,
1263 1708 1331 1755 suc-

218 1769 338 1864 cessit}
357 1768 467 1865 quiet
487 1767 649 1913 5P⁸⁸IJ³⁰⁸l
669 1767 879 1851 paucosdies
903 1765 1022 1830 ibidem
1045 1766 1140 1865 obiit3
1169 1768 1215 1831 ibi
1235 1768 1331 1832 arrabo

585 1874 596 1911 l

221 1850 341 1914 condio
362 1860 476 1914 recent.
594 1851 711 1935 inceps
733 1848 870 1934 Apuliae
886 1849 996 1912 ‘Rozir
1007 1872 1150 1931 nomme,
1177 1850 1217 1915 ob
1240 1852 1330 1915 cuius

220 1933 424 2009 insolentiam
446 1933 585 1996 maxime
607 1933 778 2018 imperator
798 1931 922 1996 Italiam
943 1933 1124 2014 intraverat,
1150 1934 1259 1999 statuit
1280 1955 1330 1997 cas

219 2028 320 2081 suum
343 2018 418 2081 satis
441 2019 596 2079 munitum
618 2016 742 2100 inipso
764 2015 861 2079 latere
883 2017 1017 2080 civitatis
1038 2016 1157 2100 Ba1ao3
1188 2019 1221 2080 in
1242 2017 1329 2102 quod

219 2111 360 2164 castrum
382 2098 616 2163 multitudinem
637 2098 816 2183 predonum
839 2097 1061 2181 collocaverat,
1084 2102 1139 2185 qui
1160 2110 1243 2165 terra
1263 2122 1329 2176 map-

219 2185 321 2281 rique,
343 2184 492 2270 ‘quoquob
514 2184 668 2267 atthrgere
689 2192 844 2267 poterant,
866 2181 1016 2259 inauditis
1037 2184 1173 2247 miseriis
1196 2194 1228 2248 et
1249 2182 1329 2246 cala
1361 2184 1365 2194 “

152 2324 156 2335 ,
219 2266 382 2339 mrtatibus
403 2267 549 2351 regiones
564 2265 795 2352 opprimebant.
839 2264 941 2328 Simili
955 2265 1049 2329 modo
1071 2288 1130 2351 per
1144 2277 1242 2331 totam
1263 2267 1329 2330 fere
1338 2280 1354 2320 s.
1365 2280 1401 2319 ⁶8·
1443 2292 1447 2297 ·

218 2348 345 2413 ltaliam
365 2349 491 2424 fecerat.
524 2350 711 2413 Pentecoste
727 2346 894 2428 celebrato,
916 2350 1087 2433 imperator
1101 2360 1240 2417 castrum
1256 2361 1432 2427 cumdum·
1492 2427 1495 2434 ,

218 2432 576 2514 θκετοὶῐιιῌοίτουῐηᾶαῐς
600 2430 686 2517 quod
706 2432 805 2495 nimio
828 2431 943 2516 sudore
964 2453 1161 2517 expugnans
1182 2434 1248 2517 igni
1269 2442 1330 2497 tra-

218 2515 269 2579 dit
295 2515 427 2601 soloque
454 2526 598 2601 coequat
651 2514 812 2578 Predones
838 2514 1058 2599 comprehensi
1083 2517 1228 2601 suspensi
1258 2527 1331 2580 sunt

219 2600 307 2663 circa
327 2602 439 2664 turrim
461 2608 608 2662 exustam
629 2619 760 2661 numero
783 2597 946 2683 quingenti
961 2597 1016 2661 vel
1029 2598 1069 2661 eo
1081 2598 1227 2684 amplius.
1257 2599 1331 2679 Quo

216 2690 340 2746 terrore
355 2683 456 2746 omnis
472 2682 593 2761 civitas,
616 2681 717 2744 omnis
727 2682 863 2745 munitio
877 2682 984 2767 regiae
998 2702 1032 2745 se
1054 2684 1203 2765 potestati
1224 2682 1339 2747 tradit·

219 2764 308 2829 Exin
329 2765 549 2851 imperatorin
566 2763 746 2828 Calabriam
768 2765 921 2830 transivit.
964 2763 1014 2829 lbi
1035 2763 1133 2849 legati
1153 2763 1330 2830 Grecorum

218 2844 357 2912 adeum
379 2847 547 2932 magnifice
562 2848 703 2928 veniunt,
748 2869 806 2911 uos
828 2849 897 2946 ipse
911 2846 1167 2932 magnificentius
1190 2849 1331 2946 suscepit

219 2951 259 2994 ac
279 2930 410 2996 dimisit.
494 2930 682 2995 Adelbertus
747 2939 915 3016 ogontmus
943 2929 1200 3016 archiepiscopus
1233 2933 1328 3014 obi1t3

218 3024 295 3099 post
320 3016 412 3079 cuius
441 3013 564 3080 obitum
586 3015 698 3078 civitas
726 3035 791 3076 una
818 3035 891 3078 eum
917 3014 1085 3099 principali
1114 3014 1232 3098 templo
1253 3016 1328 3098 igne

219 3110 423 3162 concremata
437 3107 493 3162 est.
556 3096 710 3182 Marchyo
725 3095 926 3178 adelbertus,
950 3096 1081 3162 collecta
1094 3095 1201 3175 valida
1223 3120 1327 3178 manu,

110 3174 114 3185 ¹
219 3179 360 3265 hyemali
381 3190 525 3267 tempore
545 3190 661 3245 terram
684 3177 851 3244 Slavorum
871 3179 1097 3263 predabundus
1141 3180 1327 3245 erambulat.

218 3263 408 3350 Imperator,
430 3263 525 3329 rebus
545 3265 579 3327 in
601 3263 692 3328 ltalia
706 3263 900 3347 compositis,
923 3263 1046 3348 inipso
1069 3285 1103 3327 re
1127 3265 1173 3327 itu
1195 3265 1224 3327 2.
1245 3262 1327 3331 Non.
1337 3269 1427 3312 12⁸0*-

218 3345 412 3412 Decembris
434 3347 526 3429 obiit3
544 3369 605 3431 ='ror
628 3367 728 3432 usque
751 3347 818 3410 eius
840 3343 978 3409 delatum
999 3345 1033 3408 in
1058 3348 1210 3432 patriam,
1240 3368 1328 3431 sepc-

219 3427 296 3493 litur
320 3432 410 3516 regio
439 3452 526 3494 more
552 3431 585 3493 in
604 3368 786 3494 hereditate
808 3437 956 3516 paterna,
985 3430 1018 3493 in
1044 3427 1114 3494 loco
1137 3430 1191 3515 qui
1214 3424 1331 3493 dicitur

219 3512 399 3603 Lutheron

306 3676 331 3728 a)
348 3676 404 3717 deest
419 3689 436 3717 c.
496 3674 520 3727 b)
534 3679 625 3725 quoque
640 3687 658 3715 e.

601 3928 973 3970 a*
1030 3936 1038 3947 x
