3340 5150
528 412 694 475 ansanus
712 413 1070 468 sinuessamnusus.
1282 440 1285 446 Α
1317 378 1351 469 ar
1426 388 1431 395 ’

244 579 428 655 ceciderunt
453 556 543 645 multi
564 575 740 661 vulnerati,
771 586 803 643 et
828 580 913 663 regis
942 580 1121 645 exercitus·
1147 582 1284 658 minime
1305 584 1351 649 eis
1359 605 1425 652 noa

242 672 367 751 poterat
387 660 559 759 prevalere..
602 660 748 760 Cumque
792 668 902 728 ertres
917 661 1110 728 ebdomadas
1131 664 1177 729 ibi
1191 663 1343 732 resideret
1378 728 1388 745 ,
1483 706 1486 717 «

245 756 277 813 et
307 745 394 810 nulla
427 766 500 831 spes
529 744 590 810 srbi
618 746 800 832 acquireu'
830 754 930 828 esset,
962 746 1081 811 amovit
1109 753 1292 814 exercitum
1311 714 1352 814 ad
1409 782 1410 785 ¹

243 830 461 917 Aquasgrani3
483 829 655 893 eratenim
678 837 762 893 estas
776 849 893 913 magna
925 838 957 894 et
977 851 1034 914 pre
1055 830 1154 895 nimio
1175 831 1352 898 fetorenon
1474 832 1485 893 s
1582 866 1585 874 ·

243 923 369 1013 poterat
390 913 548 977 exercitus
562 911 698 997 amplius
717 911 870 976 sustinere
901 910 1047 978 ebonem·
1085 911 1226 1000 Contigit
1245 924 1351 980 autem

197 1046 200 1051 -
244 997 372 1063 interim
397 996 620 1081 imperatorem
641 991 762 1060 Leodio
790 1005 966 1093 egrotasse3
992 1007 1023 1062 et
1050 996 1221 1082 perductus
1249 1019 1350 1083 usque

223 1106 226 1115 ’
242 1079 285 1144 ad
299 1090 444 1162 mortem,
466 1077 620 1143 Kalendis
635 1078 770 1164 August.
792 1077 877 1144 diem
896 1077 1041 1143 ultimum
1057 1077 1186 1163 clausit3
1208 1078 1351 1165 gladium
1359 1102 1418 1155 sus.
1431 1106 1452 1149 1.

151 1165 159 1171 ’
246 1172 279 1228 et
299 1161 457 1243 diadema,
480 1184 561 1262 quae
583 1159 689 1226 adhuc
710 1177 817 1251 secum
838 1159 985 1247 habebat,
1007 1162 1071 1239 filio
1087 1185 1147 1227 suo
1160 1165 1255 1245 misit,
1277 1186 1351 1229 cum
1394 1193 1398 1199 ·

241 1243 457 1328 Erkenbaldo,
478 1245 662 1311 fidelissimo
674 1243 855 1309 kamerario
869 1266 937 1325 suo,
952 1253 984 1310 et
997 1244 1183 1310 Barchardo
1198 1249 1350 1347 episcopo

98 1306 103 1315 .
190 1382 192 1386 ,
242 1328 283 1394 de
303 1328 514 1410 Monesterel',
537 1350 632 1416 quern
653 1336 728 1393 time
742 1328 885 1393 vinctum
906 1326 1050 1412 tenebat5
1072 1327 1297 1428 mandantque
1311 1332 1351 1415 ei,

230 1421 279 1476 ¹ut
299 1413 447 1500 omnibus
468 1414 598 1488 veniam·
616 1411 707 1477 daret
727 1421 759 1476 et
778 1410 957 1496 indulgeret
979 1413 1034 1498 qui
1063 1433 1169 1477 secum
1197 1434 1231 1476 sn
1250 1429 1351 1498 angu-
1475 1477 1478 1483 ,

243 1495 312 1561 stiis
339 1498 407 1561 suis
434 1498 670 1582 permanerent3
703 1504 735 1560 et
759 1517 885 1581 rogans,
908 1513 980 1559 eum
1012 1497 1109 1561 etiam
1137 1496 1230 1582 Spire
1260 1497 1361 1561 iuxta

221 1592 393 1666 ,parentes
422 1601 495 1643 suos
522 1577 664 1664 sepelire.
707 1579 778 1644 Rex
798 1600 874 1644 rero
905 1580 1019 1649 statim
1038 1580 1228 1661 convocavit
1253 1581 1295 1645 ad
1316 1601 1350 1645 se
1426 1620 1457 1651 ·.

242 1665 403 1763 principes
430 1662 520 1747 regni
549 1672 581 1743 et
609 1663 714 1749 querit
741 1661 782 1726 ab
811 1663 857 1739 eis
879 1661 1063 1744 consilium,
1091 1662 1167 1749 quid
1189 1662 1232 1727 de.
1250 1665 1350 1750 patris
1428 1669 1431 1675 ’

243 1769 303 1824 exe
327 1749 387 1811 iuis
410 1756 501 1811 esset
528 1745 693 1831 facturus·
719 1745 800 1810 Erat
827 1746 912 1812 enim
937 1745 1100 1828 humabis,
1132 1746 1215 1810 sicut
1241 1768 1350 1832 regem
1441 1820 1447 1833 Ι

242 1829 321 1895 dece
335 1828 395 1913 at,
408 1831 435 1893 si
457 1841 536 1915 aput
550 1830 657 1898 Deum
678 1830 852 1910 memisset,
874 1828 1350 1915 aput-Sanetumuantbertum

241 1912 363 1990 Leodio
384 1913 558 1978 honorifice
579 1915 620 1978 ab
635 1915 794 2012 episcopo,
807 1913 872 1999 >qui
893 1935 1019 2011 semper
1039 1912 1102 1983 sibi
1123 1910 1228 1978 extitit
1240 1913 1350 1991 ,fidelis

241 1997 275 2061 in
296 1997 454 2063 omnibus.
497 1999 587 2061 Tunc
615 1997 776 2083 principes
797 1996 888 2081 regni
915 1995 977 2060 aibr
998 1993 1153 2061 dederunt
1174 1995 1349 2081 consilium,

241 2091 276 2146 ut
296 2084 485 2168 preciperet,
506 2103 580 2145 eum
599 2080 706 2163 effodi,
728 2103 768 2144 ne
790 2090 873 2146 esset
900 2080 934 2143 in
962 2080 1073 2145 eadem
1103 2082 1349 2166 sententiaque

136 2208 139 2213 «
238 2167 390 2249 pater,·si
412 2163 491 2229 ullas
514 2164 574 2229 sibi
595 2165 714 2229 laceret
734 2165 903 2253 exequias,
930 2172 962 2228 et
989 2164 1022 2226 in
1050 2163 1161 2228 aedem
1189 2184 1254 2226 nou
1276 2184 1359 2227 eon-⁸

243 2258 398 2313 secretam
424 2248 513 2312 illum
540 2259 672 2334 poneret
686 2248 892 2328 *etRomam
924 2247 1057 2311 nuncios
1083 2248 1222 2312 mitteret
1250 2256 1283 2311 et
1307 2245 1348 2312 ab

240 2320 414 2428 apdstolico
435 2332 534 2396 banni
556 2330 767 2414 solucionem,
789 2333 824 2394 si
845 2330 914 2396 fieri
935 2339 1052 2429 posset,
1074 2330 1135 2394 sibi
1156 2330 1199 2394 im
1224 2339 1349 2396 etraret.

242 2416 360 2500 Srcque
374 2415 510 2497 iactum·
523 2426 579 2497 est,
602 2425 636 2479 ut
656 2415 862 2502 prediximus,
884 2424 916 2478 et
936 2437 969 2477 1n
991 2412 1150 2499 quandam
1208 2435 1282 2480 osae
1302 2415 1350 2477 in·
1388 2424 1391 2429 '

240 2496 342 2562 sulam
355 2508 412 2585 ,est
432 2501 564 2584 positus,
586 2497 772 2586 nullumque
787 2498 930 2563 divinum
945 2495 1085 2561 officium
1100 2496 1231 2562 ulterius
1252 2500 1349 2583 super

239 2604 314 2646 eum
336 2591 384 2648 est
405 2581 533 2665 factum,
555 2582 617 2646 nisi
631 2582 900 2648 Ierosolimitanus
920 2580 1052 2668 quidam
1073 2579 1248 2645 monachus
1270 2601 1348 2645 casu

238 2666 327 2729 venit
348 2675 379 2730 et
393 2665 454 2731 sibi
468 2665 520 2730 die
534 2674 703 2752 noctuque,
723 2688 762 2730 us
785 2688 825 2730 ue
844 2666 920 2731 dum
941 2663 986 2747 ibi
1001 2666 1115 2744 stabat,
1136 2664 1349 2730 indesinenter

223 2746 449 2835 ¹spalmodiam
463 2749 626 2813 ¹cantabat.
676 2751 739 2815 Pro
755 2689 860 2814 dolor!
903 2748 998 2829 Quod
1011 2770 1163 2834 umquam
1185 2746 1256 2811 talis
1278 2769 1348 2834 per-

240 2854 319 2904 sona
340 2833 520 2905 itameruit
540 2835 668 2896 tractari
688 2855 708 2898 a
728 2832 794 2899 filio
810 2855 867 2898 suo
889 2842 922 2897 et
935 2855 955 2896 a
969 2833 1065 2916 regni
1086 2829 1294 2919 principibus,
1317 2839 1348 2894 et
1407 2862 1433 2903 Δ,

217 2947 219 2952 ·
239 2916 302 2980 nisi
322 2916 449 2983 adesset
469 2914 552 2978 ulcio
576 2914 692 2998 divina,
712 2938 914 3002 nequaquam
933 2917 968 2979 in
989 2916 1149 2985 extremis
1162 2915 1240 2978 suis„
1249 2915 1278 2977 ei
1300 2912 1346 2976 sic

240 3002 390 3067 eveniret.
432 3000 510 3063 Post
538 2999 618 3063 haec
638 2997 766 3146 placuit
785 3001 870 3083 regi,
897 3008 935 3062 ut
981 3006 1081 3062 atram
1103 3019 1197 3060 suum
1219 2996 1346 3094 Spiram

239 3083 384 3166 deferret,
407 3094 457 3149 et⁶
479 3082 624 3168 precepit
660 3082 854 3169 ealiquibus
875 3081 949 3144 fam'
975 3080 1084 3144 aribus
1107 3081 1183 3161 suis,
1205 3100 1345 3146 max1me

239 3165 457 3243 Erkanbalda
481 3165 537 3251 qui
557 3187 683 3252 semper
702 3165 736 3229 in
757 3164 911 3252 angustiis
932 3164 997 3228 suis
1019 3164 1080 3228 sibi
1101 3162 1288 3245 adherebat,
1300 3172 1421 3228 utare.
1502 3244 1504 3248 ι

239 3248 396 3327 sibijilluc
410 3250 571 3336 ¹preberet
597 3247 794 3320 famulatum.
823 3247 983 3334 ,Cumque
1004 3248 1034 3313 3.
1054 3247 1138 3322 Non.
1162 3246 1249 3333 Sept
1271 3245 1448 3321 illucsspas.

238 3331 352 3398 allatus
373 3343 471 3415 esset,
500 3331 591 3399 solito
612 3354 700 3399 more
725 3333 944 3399 defunctorum
966 3332 1111 3417 exequiis
1133 3329 1304 3397 honorifice
1326 3353 1346 3396 a
1417 3394 1418 3398 ,

239 3414 322 3485 clero
334 3427 367 3480 et
380 3416 500 3502 populo
516 3417 687 3503 suscipitur
701 3427 733 3483 et
746 3418 779 3482 in
790 3415 951 3483 basilicam
967 3426 1094 3481 sanctae
1104 3414 1235 3494 Mariae,
1251 3436 1347 3500 quam

199 3499 204 3506 ’
239 3520 363 3581 summo
396 3500 500 3564 studio
528 3511 765 3584 construxerat,
796 3501 994 3588 portabatur3
1026 3498 1146 3563 idcirco
1179 3499 1346 3582 episcopus

238 3581 404 3651 interdixit
431 3580 528 3646 ullum
554 3583 695 3647 divinum
724 3584 770 3649 ibi
792 3582 952 3649 celebrare
974 3582 1123 3663 officium,
1151 3580 1252 3644 donec
1272 3579 1347 3662 pur-
1411 3656 1412 3660 Ἰ
1514 3598 1518 3605 ·

238 3674 390 3753 gerentur
410 3664 451 3729 ab
472 3664 533 3728 hoc
553 3658 654 3750 fact03
676 3677 717 3747 et¹
729 3668 775 3731 sic
789 3677 880 3732 extra
893 3665 1120 3730 monasterium
1141 3661 1218 3726 fecit
1230 3680 1347 3745 corpus
1367 3666 1373 3671 ’
1435 3715 1450 3725 .

239 3749 335 3815 statui
355 3748 390 3812 in
410 3745 533 3833 capella
552 3747 695 3812 nondum
716 3751 912 3829 consecrats3
934 3747 1019 3810 unde
1040 3746 1143 3810 factus
1164 3752 1212 3808 est
1233 3740 1347 3812 tund
1398 3762 1400 3765 ’

241 3843 291 3899 tus
319 3843 352 3898 et
379 3830 526 3918 planctus
556 3851 690 3915 magnus
717 3834 751 3894 in
801 3828 913 3914 opulo,
943 3831 1018 3913 quia
1045 3825 1158 3891 dilexit
1183 3824 1289 3889 locum
1315 3835 1346 3891 et
1377 3835 1383 3839 '
1421 3851 1423 3855 ·

126 3958 132 3967 ·
238 3915 393 4004 populum
415 3937 472 4002 pre
487 3912 645 3984 omnibus.
686 3912 765 3978 Post
777 3853 863 3977 laec
875 3909 975 3975 multo
988 3919 1131 3995 tempore
1149 3908 1346 3975 inhumatum
1379 3922 1383 3925 “

240 4022 356 4088 corpus
377 4000 418 4066 ab
441 3995 552 4063 incolis
572 3994 619 4077 ibi
644 3994 933 4084 frequentabatur„
957 3992 1162 4059 Leodicensis
1183 4014 1259 4060 vero
1273 3994 1346 4081 epi·
1370 4072 1371 4075 Ἴ

239 4105 355 4171 scopus
377 4106 451 4150 cum
473 4082 543 4161 aliis
565 4079 621 4168 qui
632 4079 703 4165 regi
717 4076 959 4159 rebellaverant
977 4098 1050 4140 cum
1064 4075 1208 4154 viderent
1227 4099 1262 4144 se
1277 4099 1346 4144 esse

149 4200 153 4203 v
238 4166 405 4234 destitutos
426 4176 528 4232 morte
548 4164 760 4252 imperatoris,
785 4160 990 4249 Aquasgrani
1010 4160 1053 4227 ad
1073 4159 1272 4228 dedicionem
1292 4181 1346 4228 ve·
1370 4235 1371 4239 Ἰ

312 4310 347 4365 ἰ)
364 4314 433 4356 exelt.
447 4285 505 4355 corr.
522 4311 616 4369 exercit.
632 4320 650 4350 a
710 4307 735 4365 b)
750 4318 761 4351 s
775 4319 834 4351 corr.
849 4317 866 4351 a.
926 4304 948 4359 e)
960 4311 1012 4358 port
1026 4307 1077 4350 aad.
1091 4318 1111 4347 c.
1164 4337 1166 4343 ,
1212 4360 1215 4366 ¹
