3340 5150
386 401 424 451 vr
484 410 487 417 ·
537 366 549 417 Γ
668 398 833 450 aurnuns
854 398 1210 452 nmnssnnmsnsns.

389 565 468 632 Cum
483 587 557 628 uero
574 565 674 630 bes'us
689 563 866 628 chronicon
879 561 1102 647 fundamento
1120 567 1266 649 positum
1287 567 1437 647 uiderim,
1459 589 1503 631 ea

385 657 511 712 tantum
525 649 579 711 ad
635 646 845 730 ersfeldenses
866 646 1039 731 referenda
1061 648 1146 712 duni
1167 670 1250 732 quae
1272 648 1390 713 abillo
1412 672 1502 713 rece·

386 732 478 812 dunt,
500 752 601 816 eoque
623 728 738 794 litteris
759 727 860 793 latius
875 733 997 815 positis
1018 731 1166 794 indicari
1165 729 1260 876 ,feci

468 814 551 878 Inde
573 837 594 877 a
609 814 774 878 Mauricio
796 814 991 898 imperatore
1010 816 1151 898 scriptor
1183 814 1328 879 sidorum
1342 815 1519 900 relinquit.

322 886 328 905 ¹
385 907 420 961 et
432 920 547 982 pauca
560 897 662 960 addit
688 918 728 960 ea
749 896 845 960 Beda
866 899 982 982 petita,
1005 919 1088 982 quae
1109 896 1259 960 similiter
1279 896 1425 962 Annales
1447 898 1503 961 illi

385 979 611 1080 suppeditasse
624 980 794 1060 uiolentur;
810 1002 911 1064 neque
922 980 1032 1044 Bedae
1047 980 1223 1044 chronicon
1238 982 1307 1065 ipsi
1321 982 1368 1045 ad
1380 1004 1503 1047 manus

356 1086 360 1099 ⁸
374 1063 488 1148 faisse
503 1064 664 1149 putarim,
687 1062 837 1146 quamuis
858 1086 922 1129 uno
946 1064 1056 1127 saltem
1077 1062 1145 1127 loco
1167 1065 1238 1150 ejus
1251 1066 1422 1150 uestiqium
1443 1066 1500 1128 de·
1530 1138 1538 1143 Α

382 1147 591 1232 prehendere,
604 1147 687 1210 mibi
707 1145 850 1210 videar¹.
892 1147 1065 1211 Praeterea
1086 1147 1246 1211 nonnulla
1267 1149 1392 1227 inserit,
1440 1170 1500 1212 uo-

385 1230 593 1315 rumfontem
607 1230 691 1293 inda
718 1253 774 1294 ore
790 1232 923 1316 nequivi
931 1241 953 1309 ²,
968 1251 1091 1294 necnon
1107 1230 1292 1316 cataloqum
1301 1169 1502 1319 pontificum

385 1314 609 1378 Romanorum
637 1336 663 1377 a·
681 1252 868 1378 iactatam
895 1315 1063 1398 usquead
1085 1312 1238 1399 Serqiun'e
1261 1313 1301 1376 ab
1327 1314 1432 1378 editis·
1447 1313 1500 1378 di-

383 1420 521 1461 versum.
543 1397 621 1461 Post
634 1397 713 1461 baec
728 1397 878 1483 subjicit:
893 1396 1067 1495 Hucusque
1081 1395 1298 1461 Romanarum
1313 1397 1500 1483 principum

343 1488 354 1533 ἓ
384 1490 476 1565 gesta
490 1488 522 1543 et
535 1478 721 1565 pontificum
736 1479 879 1562 Romans
892 1477 1045 1544 aecclesie
1060 1480 1286 1544 enarravimus.
1323 1481 1404 1545 Mon
1423 1502 1500 1544 uero

428 1564 488 1628 19¹.
503 1564 707 1628 Francorum
728 1565 873 1649 sequeitur
892 1564 1031 1638 bistoria
1051 1564 1130 1628 inde
1144 1586 1173 1649 ¹a
1187 1563 1327 1648 Pippini
1347 1573 1499 1649 tempore,

274 1717 276 1721 .
386 1588 431 1710 ad
453 1647 580 1711 uerbum
604 1669 644 1712 eu
667 1647 854 1727 Annalibus
880 1648 1043 1731 descripta
1063 1646 1334 1711 Laurissensibus
1361 1649 1498 1712 minori-

386 1730 464 1793 bu's.
499 1730 579 1794 Inde
607 1753 628 1793 a
644 1729 680 1814 f.
696 1730 746 1794 23.
769 1752 870 1795 nouus
891 1731 1010 1815 incipit
1031 1731 1203 1814 quaternio
1227 1731 1298 1795 alia
1319 1753 1420 1797 manu
1441 1752 1497 1795 ea·

385 1821 513 1897 aratus,
550 1835 592 1877 uo
607 1816 815 1878 narrationis
822 1813 918 1895 filum
934 1816 1147 1878 continuatur
1153 1837 1165 1897 ,·
1181 1824 1210 1877 et
1214 1814 1248 1898 f
1260 1815 1322 1878 26‘.
1336 1813 1498 1878 librarius

385 1898 447 1978 bic,
462 1835 557 1961 nullqa
569 1898 687 1962 addita
701 1899 828 1980 notitia,
844 1897 883 1961 ab
895 1895 1080 1977 Annalibus
1092 1897 1362 1967 laurissensibus
1376 1898 1499 1961 transit

386 1981 432 2045 ad
452 2003 505 2045 eos
527 1978 606 2067 quos
629 1981 871 2066 Herqfeldenses
886 1983 966 2067 jure
989 1982 1146 2046 dicamus.
1189 1982 1314 2046 Eorum
1329 1980 1499 2065 exemplar

385 2065 525 2129 marimo
547 2088 619 2129 cum
641 2088 676 2129 eo
699 2068 869 2149 conuenire
890 2065 977 2151 quod
1003 2067 1039 2129 in
1062 2064 1252 2129 Annalibus
1277 2063 1495 2138 Qteedlinbur·

383 2148 536 2233 qualibus
550 2171 739 2234 cupressum
754 2149 896 2213 uidemus
917 2157 1060 2230 connotat,
1083 2172 1149 2213 non
1164 2158 1270 2215 tamen
1285 2171 1357 2223 cum
1371 2148 1497 2211 Perteio

206 2281 212 2293 .
302 2258 308 2263 ·
385 2254 581 2297 communem
593 2231 724 2315 fontem
747 2232 972 2296 Holberstadii
993 2254 1190 2316 quaeramus
1213 2240 1365 2317 oportet³.
1409 2230 1510 2295 Sunt,

386 2337 469 2398 quae
495 2316 633 2391 suadere
683 2312 784 2379 ossint
808 2324 843 2378 ut
862 2324 1053 2397 statuamus,
1078 2324 1212 2399 praeter
1233 2318 1323 2400 ipsos
1340 2312 1494 2461 'Happel-

385 2398 498 2463 denses
524 2401 621 2462 otiam
671 2421 705 2462 oc
732 2398 1005 2463 Hildesbeimense
1032 2397 1199 2499 eaemplor
1228 2423 1249 2463 a
1277 2397 1418 2472 Quodlin
1440 2421 1495 2460 ur-

385 2484 479 2566 qensi
500 2503 566 2545 esse
588 2485 827 2567 suscriptum⁴;
854 2484 909 2546 sed
937 2503 977 2546 ne
999 2484 1047 2546 ita
1069 2483 1197 2570 quedem
1224 2504 1333 2547 eorum
1359 2482 1495 2547 necessi·

385 2566 463 2629 tudo
486 2568 568 2630 satis
593 2565 767 2651 explicari*
780 2588 875 2650 posse
903 2567 1041 2631 uidetur.
1087 2566 1175 2632 Certe
1198 2566 1495 2644 Hildesleeimensis,

384 2651 444 2797 qui
465 2646 649 2722 Annalibus
671 2649 940 2714 Laurissensibus
962 2650 1047 2714 nibil
1065 2650 1143 2735 fere
1172 2644 1319 2730 addidit,
1350 2642 1495 2734 Hertfel-

408 2755 498 2797 enses
513 2735 640 2797 notitiis
656 2733 702 2796 ad
715 2732 879 2797 ecclesiam
892 2757 987 2798 suam
1008 2734 1227 2819 spectantibus
1244 2735 1348 2814 aucit,
1370 2753 1495 2798 necnon

360 2826 363 2827 ’
386 2816 469 2881 alter
489 2818 633 2902 ejusdem
654 2819 805 2901 temporis
825 2817 932 2882 scriba
954 2819 1115 2903 quaedam
1137 2819 1266 2903 adjecit,
1287 2817 1428 2880 manime
1451 2815 1495 2880 ad

384 2900 570 2965 coenobium
594 2899 888 2965 Gaudesbeimense.
907 2904 1087 2986 spectantia
1097 2911 1118 2965 ⁵.
1165 2899 1245 2966 Alia
1266 2908 1356 2981 cero,
1370 2895 1494 2985 ¹eaque,

357 3037 360 3043 ,
384 2993 420 3047 ut
441 2985 586 3067 uidetur,
613 2987 784 3060 recentiori
805 3008 918 3067 manre,
939 2984 1055 3050 litteris
1071 2985 1264 3070 plerumque
1291 2980 1494 3068 majusculis,

321 3112 323 3118 ι
383 3069 462 3132 inde
484 3067 649 3152 ab‘operis
672 3069 767 3133 initio
783 3069 946 3154 quaedam
967 3078 1044 3133 sunt
1064 3071 1207 3151 insuta,
1232 3089 1296 3132 uae
1310 3067 1404 3132 modo
1420 3064 1492 3128 Hil-

383 3152 632 3217 desbeimensem
643 3153 812 3233 ciuitatem,
827 3153 920 3217 modo
932 3154 963 3216 F
962 3152 1160 3218 loriacense⁸
1175 3092 1494 3235 etllscnebarqense⁷

384 3238 593 3317 monasteria,
641 3244 785 3300 roeterea
800 3257 874 3301 uero
895 3258 947 3300 res
963 3237 1162 3320 antiquaret
1182 3235 1400 3322 lonqinquas⁸
1422 3242 1494 3296 tan·

383 3328 474 3404 quat.
518 3320 586 3383 Fol.
602 3259 672 3384 db&
688 3343 718 3382 a.
734 3319 806 3384 994.
829 3319 865 3383 in
880 3321 988 3385 media
1002 3321 1160 3383 sententia
1177 3323 1354 3402 primaeua
1375 3317 1496 3382 desinit

357 3426 517 3483 rimamus,
554 3425 639 3488 quae
674 3404 774 3488 bajus
809 3406 962 3488 temporis
974 3408 981 3421 ²
993 3402 1132 3467 indolem
1164 3403 1266 3483 babet,
1298 3406 1399 3485 nique
1429 3400 1494 3462 An·
1555 3447 1560 3458 .

310 3548 313 3551 ,
383 3486 475 3550 noles
497 3485 742 3570 Herqfeldenses
771 3485 859 3549 ultra
888 3488 974 3571 bunc
1003 3508 1128 3550 annum
1149 3487 1355 3550 continuatos
1373 3481 1493 3567 fuisse,

386 3567 741 3655 Quedlinburqeusium
769 3572 971 3654 comparatio
998 3570 1120 3654 probat
1126 3591 1138 3652 ,·
1162 3569 1197 3653 f.
1222 3568 1296 3651 355
1327 3564 1497 3632 nonnullis

434 3680 444 3746 i
476 3693 504 3762 1)
529 3694 559 3744 1⁷.
573 3692 675 3752 dulium
696 3692 843 3746 Caesarem.
918 3694 947 3761 2)
967 3693 1005 3761 Qf.
1022 3695 1181 3761 praestrlim
1199 3711 1268 3761 quoe
1287 3693 1321 3745 de
1338 3691 1409 3743 mille
1428 3690 1494 3741 mili·

382 3766 451 3818 tibus
471 3766 618 3818 aRomulo
638 3767 723 3819 electis
740 3767 830 3833 refert.
922 3767 952 3835 3)
973 3766 1198 3834 ss.111,p.19.
1236 3765 1407 3834 Nequcaliis
1432 3763 1496 3814 bata

380 3840 512 3905 cententio
520 3839 633 3905 placuit.
690 3838 720 3906 4)
741 3837 780 3905 CJ.
790 3841 949 3906 praeconum
961 3857 1029 3909 quae
1043 3858 1068 3892 a.
1078 3841 1141 3892 872.
1154 3841 1187 3892 dc
1200 3839 1362 3892 dedicatione
1375 3835 1495 3888 euticiae

383 3912 413 3965 S.
427 3912 533 3964 Mariae
545 3913 574 3963 in
586 3911 750 3964 Hildtsbcim
762 3911 870 3964 uberiur
887 3914 917 3964 in
929 3914 999 3967 Ana.
1013 3912 1116 3978 nostris,
1135 3913 1239 3964 brevius
1251 3913 1281 3963 in
1295 3911 1389 3974 Quadi.
1409 3910 1495 3976 lequu-

382 3991 441 4047 tur,·
461 3994 604 4052 praeterea
623 4002 648 4035 a.
662 3983 723 4033 989.
743 3985 776 4036 de
798 3983 902 4053 Osdoqo
924 3988 1042 4051 episcopo
1059 3993 1170 4048 mortuo,
1195 3985 1318 4051 Gerdoqo
1337 3982 1495 4043 succedente,

382 4059 501 4123 ipsorum
523 4059 583 4124 sede
607 4075 660 4108 non
686 4056 814 4109 indicata.
856 4058 934 4109 Anno
952 4074 1014 4111 acro
1034 4060 1095 4110 999.
1120 4059 1199 4110 etiam
1213 4059 1299 4124 pluro
1320 4073 1401 4122 quum
1420 4053 1495 4106 Hild.

372 4168 373 4173 =
377 4130 508 4197 praebent
523 4130 616 4194 Quadi.
636 4131 668 4189 de
688 4130 807 4197 Gerdoqi
824 4139 914 4183 nrorte.
989 4127 1019 4193 ὁ)
1039 4147 1064 4181 a.
1079 4132 1143 4182 999.
1164 4131 1235 4193 927,-
1254 4131 1318 4181 924.
1393 4125 1423 4194 6)
1443 4125 1496 4180 Sub

382 4203 537 4271 imperatore
555 4204 695 4277 Eraclonc.
753 4202 802 4269 17)
822 4199 922 4257 aest.
997 4201 1027 4269 8)
1048 4203 1205 4255 caracallae
1223 4212 1352 4269 tempore:
1371 4199 1496 4269 Neapolis

383 4277 518 4331 fundatur.
