<?xml version="1.0" encoding="UTF-8"?>
<!DOCTYPE html PUBLIC "-//W3C//DTD XHTML 1.0 Transitional//EN"
    "http://www.w3.org/TR/xhtml1/DTD/xhtml1-transitional.dtd">
<html xmlns="http://www.w3.org/1999/xhtml" xml:lang="en" lang="en">
 <head>
  <title>
</title>
<meta http-equiv="Content-Type" content="text/html;charset=utf-8" />
  <meta name='ocr-system' content='tesseract 3.04.00' />
  <meta name='ocr-capabilities' content='ocr_page ocr_carea ocr_par ocr_line ocrx_word'/>
</head>
<body>
  <div class='ocr_page' id='page_1' title='image "./annaleshildeshe00isidgoog_0027.png"; bbox 0 0 3340 5150; ppageno 0'>
   <div class='ocr_carea' id='block_1_1' title="bbox 341 480 1162 532">
    <p class='ocr_par' dir='ltr' id='par_1_1' title="bbox 341 480 1162 532">
     <span class='ocr_line' id='line_1_1' title="bbox 341 480 1162 532; baseline -0.002 0"><span class='ocrx_word' id='word_1_1' title='bbox 341 485 374 532; x_wconf 87' lang='grc'>14</span> <span class='ocrx_word' id='word_1_2' title='bbox 435 508 439 513; x_wconf 82' lang='grc'><em>·</em></span> <span class='ocrx_word' id='word_1_3' title='bbox 624 480 789 532; x_wconf 83' lang='lat' dir='ltr'><strong>ANNALES</strong></span> <span class='ocrx_word' id='word_1_4' title='bbox 808 480 1162 532; x_wconf 80' lang='lat' dir='ltr'>HlLDESHEIMENSES.</span> 
     </span>
    </p>
   </div>
   <div class='ocr_carea' id='block_1_2' title="bbox 263 652 1542 3117">
    <p class='ocr_par' dir='ltr' id='par_1_2' title="bbox 340 652 1448 921">
     <span class='ocr_line' id='line_1_2' title="bbox 341 652 1448 717; baseline 0.001 -13"><span class='ocrx_word' id='word_1_5' title='bbox 341 656 458 705; x_wconf 87' lang='lat' dir='ltr'>exercitu</span> <span class='ocrx_word' id='word_1_6' title='bbox 479 652 622 702; x_wconf 78' lang='lat' dir='ltr'><strong>concludit.</strong></span> <span class='ocrx_word' id='word_1_7' title='bbox 659 653 711 712; x_wconf 79' lang='lat' dir='ltr'>Qui</span> <span class='ocrx_word' id='word_1_8' title='bbox 736 657 844 701; x_wconf 87' lang='lat' dir='ltr'>coactus</span> <span class='ocrx_word' id='word_1_9' title='bbox 863 654 935 701; x_wconf 88' lang='lat' dir='ltr'>venit</span> <span class='ocrx_word' id='word_1_10' title='bbox 960 652 993 699; x_wconf 91' lang='lat' dir='ltr'>ad</span> <span class='ocrx_word' id='word_1_11' title='bbox 1018 666 1119 715; x_wconf 87' lang='lat' dir='ltr'>regem,</span> <span class='ocrx_word' id='word_1_12' title='bbox 1145 658 1255 703; x_wconf 88' lang='lat' dir='ltr'>renovat</span> <span class='ocrx_word' id='word_1_13' title='bbox 1274 660 1448 717; x_wconf 84' lang='lat' dir='ltr'>sacramenta,</span> 
     </span>
     <span class='ocr_line' id='line_1_3' title="bbox 342 722 1445 786; baseline -0.002 -9"><span class='ocrx_word' id='word_1_14' title='bbox 342 726 416 786; x_wconf 85' lang='lat' dir='ltr'>dedit</span> <span class='ocrx_word' id='word_1_15' title='bbox 435 725 542 775; x_wconf 87' lang='lat' dir='ltr'>obsides</span> <span class='ocrx_word' id='word_1_16' title='bbox 563 730 589 773; x_wconf 94' lang='lat' dir='ltr'>et</span> <span class='ocrx_word' id='word_1_17' title='bbox 607 722 786 785; x_wconf 82' lang='lat' dir='ltr'>Theodonem,</span> <span class='ocrx_word' id='word_1_18' title='bbox 805 723 887 774; x_wconf 89' lang='lat' dir='ltr'>filium</span> <span class='ocrx_word' id='word_1_19' title='bbox 906 739 989 774; x_wconf 84' lang='lat' dir='ltr'>suum.</span> <span class='ocrx_word' id='word_1_20' title='bbox 1019 724 1181 774; x_wconf 81' lang='lat' dir='ltr'>Permittitur</span> <span class='ocrx_word' id='word_1_21' title='bbox 1200 726 1224 773; x_wconf 89' lang='lat' dir='ltr'>ei</span> <span class='ocrx_word' id='word_1_22' title='bbox 1248 725 1346 775; x_wconf 88' lang='lat' dir='ltr'>habere</span> <span class='ocrx_word' id='word_1_23' title='bbox 1366 726 1445 776; x_wconf 84' lang='lat' dir='ltr'>duca·</span> 
     </span>
     <span class='ocr_line' id='line_1_4' title="bbox 340 795 1447 869; baseline 0.001 -21"><span class='ocrx_word' id='word_1_24' title='bbox 340 806 390 869; x_wconf 85' lang='lat' dir='ltr'>tus.</span> <span class='ocrx_word' id='word_1_25' title='bbox 429 798 480 859; x_wconf 79' lang='lat' dir='ltr'>Qui</span> <span class='ocrx_word' id='word_1_26' title='bbox 498 803 591 863; x_wconf 87' lang='lat' dir='ltr'>postea</span> <span class='ocrx_word' id='word_1_27' title='bbox 611 797 768 846; x_wconf 73' lang='lat' dir='ltr'>convictusa</span> <span class='ocrx_word' id='word_1_28' title='bbox 787 798 880 845; x_wconf 90' lang='lat' dir='ltr'>iterum</span> <span class='ocrx_word' id='word_1_29' title='bbox 895 795 928 845; x_wconf 92' lang='lat' dir='ltr'>de</span> <span class='ocrx_word' id='word_1_30' title='bbox 947 795 1112 869; x_wconf 87' lang='lat' dir='ltr'>infidelitate,</span> <span class='ocrx_word' id='word_1_31' title='bbox 1132 797 1226 847; x_wconf 86' lang='lat' dir='ltr'>eicitur</span> <span class='ocrx_word' id='word_1_32' title='bbox 1245 796 1278 846; x_wconf 89' lang='lat' dir='ltr'>de</span> <span class='ocrx_word' id='word_1_33' title='bbox 1297 799 1447 864; x_wconf 84' lang='lat' dir='ltr'>principatu</span> 
     </span>
     <span class='ocr_line' id='line_1_5' title="bbox 342 863 768 933; baseline -0.012 -13"><span class='ocrx_word' id='word_1_34' title='bbox 342 863 393 921; x_wconf 85' lang='lat' dir='ltr'>et&#39;</span> <span class='ocrx_word' id='word_1_35' title='bbox 386 888 413 920; x_wconf 90' lang='grc' dir='ltr'>ιιι</span> <span class='ocrx_word' id='word_1_36' title='bbox 433 870 592 933; x_wconf 86' lang='lat' dir='ltr'>monasterio</span> <span class='ocrx_word' id='word_1_37' title='bbox 611 874 768 920; x_wconf 83' lang='lat' dir='ltr'>tonsoratur.</span> 
     </span>
    </p>

    <p class='ocr_par' dir='ltr' id='par_1_3' title="bbox 263 927 1446 1075">
     <span class='ocr_line' id='line_1_6' title="bbox 263 927 1446 1009; baseline 0.002 -20"><span class='ocrx_word' id='word_1_38' title='bbox 263 958 278 1001; x_wconf 75' lang='lat' dir='ltr'>t.</span> <span class='ocrx_word' id='word_1_39' title='bbox 290 959 332 999; x_wconf 80' lang='lat'>24¹.</span> <span class='ocrx_word' id='word_1_40' title='bbox 433 942 475 1009; x_wconf 90' lang='grc'>21.</span> <span class='ocrx_word' id='word_1_41' title='bbox 513 940 624 990; x_wconf 75' lang='lat' dir='ltr'><strong>Karalus</strong></span> <span class='ocrx_word' id='word_1_42' title='bbox 639 940 793 990; x_wconf 85' lang='lat' dir='ltr'>Sclavorum</span> <span class='ocrx_word' id='word_1_43' title='bbox 808 929 922 1004; x_wconf 76' lang='lat' dir='ltr'>geniem,</span> <span class='ocrx_word' id='word_1_44' title='bbox 942 943 987 1004; x_wconf 92' lang='lat' dir='ltr'>qui</span> <span class='ocrx_word' id='word_1_45' title='bbox 1006 933 1128 990; x_wconf 85' lang='lat' dir='ltr'>dicuntur</span> <span class='ocrx_word' id='word_1_46' title='bbox 1141 927 1229 1003; x_wconf 84' lang='lat' dir='ltr'>Wilni,</span> <span class='ocrx_word' id='word_1_47' title='bbox 1249 947 1320 1000; x_wconf 77' lang='lat' dir='ltr'>bans</span> <span class='ocrx_word' id='word_1_48' title='bbox 1339 942 1446 992; x_wconf 83' lang='lat' dir='ltr'>fluvium</span> 
     </span>
     <span class='ocr_line' id='line_1_7' title="bbox 314 1000 774 1082; baseline -0.014 -15.619"><span class='ocrx_word' id='word_1_49' title='bbox 314 1000 441 1082; x_wconf 81' lang='lat' dir='ltr'>·Helbia</span> <span class='ocrx_word' id='word_1_50' title='bbox 462 1004 556 1063; x_wconf 85' lang='lat' dir='ltr'>ditioni</span> <span class='ocrx_word' id='word_1_51' title='bbox 575 1028 639 1062; x_wconf 89' lang='lat' dir='ltr'>suae</span> <span class='ocrx_word' id='word_1_52' title='bbox 658 1007 774 1075; x_wconf 77' lang='lat' dir='ltr'>subegit.</span> 
     </span>
    </p>

    <p class='ocr_par' dir='ltr' id='par_1_4' title="bbox 409 1083 1147 1148">
     <span class='ocr_line' id='line_1_8' title="bbox 409 1083 1147 1148; baseline 0 -14"><span class='ocrx_word' id='word_1_53' title='bbox 409 1088 475 1136; x_wconf 90' lang='grc'>22.</span> <span class='ocrx_word' id='word_1_54' title='bbox 513 1085 625 1134; x_wconf 84' lang='lat' dir='ltr'>Karolus</span> <span class='ocrx_word' id='word_1_55' title='bbox 643 1085 788 1134; x_wconf 87' lang='lat' dir='ltr'>Avarorum</span> <span class='ocrx_word' id='word_1_56' title='bbox 809 1090 915 1146; x_wconf 81' lang='lat' dir='ltr'>gentem</span> <span class='ocrx_word' id='word_1_57' title='bbox 934 1083 1040 1148; x_wconf 81' lang='lat' dir='ltr'>subegit</span> <span class='ocrx_word' id='word_1_58' title='bbox 1059 1086 1147 1134; x_wconf 89' lang='lat' dir='ltr'>armis.</span> 
     </span>
    </p>

    <p class='ocr_par' dir='ltr' id='par_1_5' title="bbox 414 1155 1161 1216">
     <span class='ocr_line' id='line_1_9' title="bbox 414 1155 1161 1216; baseline 0.001 -10"><span class='ocrx_word' id='word_1_59' title='bbox 414 1160 475 1216; x_wconf 82' lang='grc'>23.</span> <span class='ocrx_word' id='word_1_60' title='bbox 514 1158 633 1206; x_wconf 82' lang='lat' dir='ltr'>Saxones</span> <span class='ocrx_word' id='word_1_61' title='bbox 653 1159 747 1206; x_wconf 89' lang='lat' dir='ltr'>iterum</span> <span class='ocrx_word' id='word_1_62' title='bbox 767 1155 802 1204; x_wconf 88' lang='lat' dir='ltr'>ad</span> <span class='ocrx_word' id='word_1_63' title='bbox 821 1155 971 1205; x_wconf 85' lang='lat' dir='ltr'>idolatriam</span> <span class='ocrx_word' id='word_1_64' title='bbox 990 1163 1161 1207; x_wconf 86' lang='lat' dir='ltr'>revertuntur.</span> 
     </span>
    </p>

    <p class='ocr_par' dir='ltr' id='par_1_6' title="bbox 341 1227 1448 1498">
     <span class='ocr_line' id='line_1_10' title="bbox 432 1227 1447 1293; baseline 0 -16"><span class='ocrx_word' id='word_1_65' title='bbox 432 1231 474 1279; x_wconf 83' lang='grc'>24.</span> <span class='ocrx_word' id='word_1_66' title='bbox 512 1230 572 1278; x_wconf 90' lang='lat' dir='ltr'>Hac</span> <span class='ocrx_word' id='word_1_67' title='bbox 598 1233 755 1293; x_wconf 80' lang='lat' dir='ltr'>tempestate</span> <span class='ocrx_word' id='word_1_68' title='bbox 780 1227 848 1277; x_wconf 87' lang='lat' dir='ltr'>filius</span> <span class='ocrx_word' id='word_1_69' title='bbox 873 1230 943 1292; x_wconf 88' lang='lat' dir='ltr'>regis</span> <span class='ocrx_word' id='word_1_70' title='bbox 968 1228 1095 1293; x_wconf 89' lang='lat' dir='ltr'>Pippinus</span> <span class='ocrx_word' id='word_1_71' title='bbox 1123 1245 1155 1279; x_wconf 89' lang='lat' dir='ltr'>ex</span> <span class='ocrx_word' id='word_1_72' title='bbox 1181 1229 1329 1280; x_wconf 86' lang='lat' dir='ltr'>concubina</span> <span class='ocrx_word' id='word_1_73' title='bbox 1352 1227 1447 1278; x_wconf 87' lang='lat' dir='ltr'>Himil-</span> 
     </span>
     <span class='ocr_line' id='line_1_11' title="bbox 342 1300 1448 1366; baseline -0.002 -14"><span class='ocrx_word' id='word_1_74' title='bbox 342 1303 426 1353; x_wconf 89' lang='lat' dir='ltr'>druda</span> <span class='ocrx_word' id='word_1_75' title='bbox 446 1301 656 1366; x_wconf 80' lang='lat' dir='ltr'>cumaliquibus</span> <span class='ocrx_word' id='word_1_76' title='bbox 677 1300 816 1350; x_wconf 81' lang='lat' dir='ltr'>comitibus</span> <span class='ocrx_word' id='word_1_77' title='bbox 835 1301 996 1349; x_wconf 84' lang='lat' dir='ltr'>Francorum</span> <span class='ocrx_word' id='word_1_78' title='bbox 1017 1301 1185 1363; x_wconf 84' lang='lat' dir='ltr'>consiliatus,</span> <span class='ocrx_word' id='word_1_79' title='bbox 1211 1307 1240 1350; x_wconf 92' lang='lat' dir='ltr'>nt</span> <span class='ocrx_word' id='word_1_80' title='bbox 1259 1316 1348 1365; x_wconf 86' lang='lat' dir='ltr'>regem</span> <span class='ocrx_word' id='word_1_81' title='bbox 1368 1301 1448 1351; x_wconf 87' lang='lat' dir='ltr'>inter·</span> 
     </span>
     <span class='ocr_line' id='line_1_12' title="bbox 341 1369 1447 1441; baseline 0 -18"><span class='ocrx_word' id='word_1_82' title='bbox 341 1375 433 1425; x_wconf 86' lang='lat' dir='ltr'>ficeret</span> <span class='ocrx_word' id='word_1_83' title='bbox 453 1382 478 1424; x_wconf 92' lang='lat' dir='ltr'>et</span> <span class='ocrx_word' id='word_1_84' title='bbox 496 1374 556 1423; x_wconf 90' lang='lat' dir='ltr'>loco</span> <span class='ocrx_word' id='word_1_85' title='bbox 577 1375 632 1422; x_wconf 88' lang='lat' dir='ltr'>eius</span> <span class='ocrx_word' id='word_1_86' title='bbox 651 1379 783 1437; x_wconf 82' lang='lat' dir='ltr'>regnaret.</span> <span class='ocrx_word' id='word_1_87' title='bbox 821 1372 878 1431; x_wconf 83' lang='lat' dir='ltr'>Quo</span> <span class='ocrx_word' id='word_1_88' title='bbox 899 1378 1041 1441; x_wconf 83' lang='lat' dir='ltr'>comperto,</span> <span class='ocrx_word' id='word_1_89' title='bbox 1067 1389 1112 1421; x_wconf 84' lang='lat' dir='ltr'>rex</span> <span class='ocrx_word' id='word_1_90' title='bbox 1130 1375 1269 1439; x_wconf 90' lang='lat' dir='ltr'>Pippinum</span> <span class='ocrx_word' id='word_1_91' title='bbox 1296 1369 1372 1429; x_wconf 82' lang='lat' dir='ltr'>iussit</span> <span class='ocrx_word' id='word_1_92' title='bbox 1390 1379 1447 1423; x_wconf 90' lang='lat' dir='ltr'>ton-</span> 
     </span>
     <span class='ocr_line' id='line_1_13' title="bbox 342 1444 1313 1498; baseline -0.001 -1"><span class='ocrx_word' id='word_1_93' title='bbox 342 1449 424 1498; x_wconf 87' lang='lat' dir='ltr'>sorari</span> <span class='ocrx_word' id='word_1_94' title='bbox 444 1454 470 1496; x_wconf 92' lang='lat' dir='ltr'>et</span> <span class='ocrx_word' id='word_1_95' title='bbox 489 1453 608 1495; x_wconf 87' lang='lat' dir='ltr'>caeteros</span> <span class='ocrx_word' id='word_1_96' title='bbox 628 1447 685 1495; x_wconf 89' lang='lat' dir='ltr'>eius</span> <span class='ocrx_word' id='word_1_97' title='bbox 705 1449 897 1493; x_wconf 83' lang='lat' dir='ltr'>consentaneos</span> <span class='ocrx_word' id='word_1_98' title='bbox 918 1444 1027 1494; x_wconf 85' lang='lat' dir='ltr'>diversis</span> <span class='ocrx_word' id='word_1_99' title='bbox 1047 1446 1173 1495; x_wconf 90' lang='lat' dir='ltr'>mortibus</span> <span class='ocrx_word' id='word_1_100' title='bbox 1191 1445 1313 1496; x_wconf 83' lang='lat' dir='ltr'>interfici.</span> 
     </span>
    </p>

    <p class='ocr_par' dir='ltr' id='par_1_7' title="bbox 341 1511 1447 1799">
     <span class='ocr_line' id='line_1_14' title="bbox 433 1511 1447 1582; baseline 0 -16"><span class='ocrx_word' id='word_1_101' title='bbox 433 1520 476 1568; x_wconf 80' lang='lat'>25.</span> <span class='ocrx_word' id='word_1_102' title='bbox 514 1517 627 1567; x_wconf 85' lang='lat' dir='ltr'>Karalus</span> <span class='ocrx_word' id='word_1_103' title='bbox 648 1511 737 1579; x_wconf 87' lang='lat' dir='ltr'>dirigit</span> <span class='ocrx_word' id='word_1_104' title='bbox 756 1515 824 1564; x_wconf 88' lang='lat' dir='ltr'>filios</span> <span class='ocrx_word' id='word_1_105' title='bbox 844 1531 904 1565; x_wconf 90' lang='lat' dir='ltr'>suos</span> <span class='ocrx_word' id='word_1_106' title='bbox 917 1517 1057 1580; x_wconf 87' lang='lat' dir='ltr'>Pippinum</span> <span class='ocrx_word' id='word_1_107' title='bbox 1077 1525 1104 1566; x_wconf 89' lang='lat' dir='ltr'>et</span> <span class='ocrx_word' id='word_1_108' title='bbox 1116 1518 1301 1582; x_wconf 86' lang='lat' dir='ltr'>Hludowicum</span> <span class='ocrx_word' id='word_1_109' title='bbox 1321 1520 1348 1566; x_wconf 93' lang='lat' dir='ltr'>in</span> <span class='ocrx_word' id='word_1_110' title='bbox 1361 1517 1447 1567; x_wconf 90' lang='lat' dir='ltr'>Bene-</span> 
     </span>
     <span class='ocr_line' id='line_1_15' title="bbox 341 1588 1447 1653; baseline -0.002 -13"><span class='ocrx_word' id='word_1_111' title='bbox 341 1596 448 1640; x_wconf 90' lang='lat' dir='ltr'>ventum</span> <span class='ocrx_word' id='word_1_112' title='bbox 470 1606 528 1639; x_wconf 90' lang='lat' dir='ltr'>cum</span> <span class='ocrx_word' id='word_1_113' title='bbox 549 1590 674 1639; x_wconf 81' lang='lat' dir='ltr'>exercitu.</span> <span class='ocrx_word' id='word_1_114' title='bbox 712 1589 866 1652; x_wconf 81' lang='lat' dir='ltr'>Factaque</span> <span class='ocrx_word' id='word_1_115' title='bbox 871 1594 922 1637; x_wconf 89' lang='lat' dir='ltr'>est</span> <span class='ocrx_word' id='word_1_116' title='bbox 928 1588 1011 1637; x_wconf 85' lang='lat' dir='ltr'>fames</span> <span class='ocrx_word' id='word_1_117' title='bbox 1031 1588 1134 1651; x_wconf 84' lang='lat' dir='ltr'>valida,</span> <span class='ocrx_word' id='word_1_118' title='bbox 1160 1592 1198 1639; x_wconf 91' lang='lat' dir='ltr'>ita</span> <span class='ocrx_word' id='word_1_119' title='bbox 1216 1596 1245 1640; x_wconf 89' lang='lat' dir='ltr'>ut</span> <span class='ocrx_word' id='word_1_120' title='bbox 1269 1606 1318 1639; x_wconf 87' lang='lat' dir='ltr'>nec</span> <span class='ocrx_word' id='word_1_121' title='bbox 1336 1592 1365 1638; x_wconf 92' lang='lat' dir='ltr'>in</span> <span class='ocrx_word' id='word_1_122' title='bbox 1384 1604 1447 1653; x_wconf 85' lang='lat' dir='ltr'>que-</span> 
     </span>
     <span class='ocr_line' id='line_1_16' title="bbox 344 1654 1447 1744; baseline -0.001 -33"><span class='ocrx_word' id='word_1_123' title='bbox 344 1663 493 1744; x_wconf 87' lang='lat' dir='ltr'>dragesima</span> <span class='ocrx_word' id='word_1_124' title='bbox 513 1662 659 1711; x_wconf 88' lang='lat' dir='ltr'>aearnium</span> <span class='ocrx_word' id='word_1_125' title='bbox 676 1654 758 1725; x_wconf 55' lang='lat' dir='ltr'>[esni]</span> <span class='ocrx_word' id='word_1_126' title='bbox 773 1661 957 1709; x_wconf 80' lang='lat' dir='ltr'>abstineretur.</span> <span class='ocrx_word' id='word_1_127' title='bbox 981 1661 1033 1709; x_wconf 92' lang='lat' dir='ltr'>Per</span> <span class='ocrx_word' id='word_1_128' title='bbox 1052 1661 1123 1710; x_wconf 91' lang='lat' dir='ltr'>idem</span> <span class='ocrx_word' id='word_1_129' title='bbox 1142 1667 1245 1735; x_wconf 85' lang='lat' dir='ltr'>tempus</span> <span class='ocrx_word' id='word_1_130' title='bbox 1258 1662 1366 1725; x_wconf 87' lang='lat' dir='ltr'>sinodus</span> <span class='ocrx_word' id='word_1_131' title='bbox 1386 1677 1447 1710; x_wconf 91' lang='lat' dir='ltr'>con·</span> 
     </span>
     <span class='ocr_line' id='line_1_17' title="bbox 342 1721 1075 1813; baseline -0.006 -29"><span class='ocrx_word' id='word_1_132' title='bbox 342 1721 471 1799; x_wconf 84' lang='lat' dir='ltr'>gregatur</span> <span class='ocrx_word' id='word_1_133' title='bbox 487 1734 520 1782; x_wconf 91' lang='lat' dir='ltr'>ad</span> <span class='ocrx_word' id='word_1_134' title='bbox 540 1733 733 1782; x_wconf 88' lang='lat' dir='ltr'>Franconofurt</span> <span class='ocrx_word' id='word_1_135' title='bbox 751 1737 894 1813; x_wconf 78' lang='lat' dir='ltr'>propter</span> <span class='ocrx_word' id='word_1_136' title='bbox 912 1732 1075 1781; x_wconf 82' lang='lat' dir='ltr'>Felicem.</span> 
     </span>
    </p>

    <p class='ocr_par' dir='ltr' id='par_1_8' title="bbox 294 1784 1495 2144">
     <span class='ocr_line' id='line_1_18' title="bbox 294 1784 1446 1870; baseline 0.001 -16"><span class='ocrx_word' id='word_1_137' title='bbox 294 1800 298 1811; x_wconf 75' lang='grc'><strong>“</strong></span> <span class='ocrx_word' id='word_1_138' title='bbox 433 1808 476 1855; x_wconf 81' lang='grc'>23</span> <span class='ocrx_word' id='word_1_139' title='bbox 513 1805 661 1854; x_wconf 83' lang='lat' dir='ltr'>Karalus&#39;</span> <span class='ocrx_word' id='word_1_140' title='bbox 653 1821 681 1854; x_wconf 88' lang='lat' dir='ltr'>m</span> <span class='ocrx_word' id='word_1_141' title='bbox 700 1784 842 1854; x_wconf 86' lang='lat' dir='ltr'>Saxoniam</span> <span class='ocrx_word' id='word_1_142' title='bbox 861 1810 990 1870; x_wconf 84' lang='lat' dir='ltr'>pergens,</span> <span class='ocrx_word' id='word_1_143' title='bbox 1014 1805 1131 1854; x_wconf 82' lang='lat' dir='ltr'>Saxones</span> <span class='ocrx_word' id='word_1_144' title='bbox 1154 1806 1268 1855; x_wconf 89' lang='lat' dir='ltr'>obtinuit</span> <span class='ocrx_word' id='word_1_145' title='bbox 1293 1811 1319 1854; x_wconf 89' lang='lat' dir='ltr'>et</span> <span class='ocrx_word' id='word_1_146' title='bbox 1337 1805 1446 1857; x_wconf 84' lang='lat' dir='ltr'>tercium</span> 
     </span>
     <span class='ocr_line' id='line_1_19' title="bbox 343 1874 1447 1942; baseline -0.001 -16"><span class='ocrx_word' id='word_1_147' title='bbox 343 1874 381 1927; x_wconf 92' lang='lat' dir='ltr'>de</span> <span class='ocrx_word' id='word_1_148' title='bbox 397 1881 435 1928; x_wconf 89' lang='lat' dir='ltr'>eis</span> <span class='ocrx_word' id='word_1_149' title='bbox 461 1879 626 1928; x_wconf 89' lang='lat' dir='ltr'>bominem</span> <span class='ocrx_word' id='word_1_150' title='bbox 619 1893 646 1926; x_wconf 93' lang='grc' dir='ltr'>ιιι</span> <span class='ocrx_word' id='word_1_151' title='bbox 666 1878 802 1927; x_wconf 84' lang='lat' dir='ltr'>Frentiam</span> <span class='ocrx_word' id='word_1_152' title='bbox 830 1877 946 1927; x_wconf 88' lang='lat' dir='ltr'>educens</span> <span class='ocrx_word' id='word_1_153' title='bbox 965 1876 1114 1926; x_wconf 85' lang='lat' dir='ltr'>collocavit</span> <span class='ocrx_word' id='word_1_154' title='bbox 1152 1877 1201 1928; x_wconf 90' lang='lat' dir='ltr'>His</span> <span class='ocrx_word' id='word_1_155' title='bbox 1221 1878 1382 1942; x_wconf 86' lang='lat' dir='ltr'>temporibus</span> <span class='ocrx_word' id='word_1_156' title='bbox 1401 1875 1447 1927; x_wconf 91' lang='lat' dir='ltr'>Al-</span> 
     </span>
     <span class='ocr_line' id='line_1_20' title="bbox 343 1948 1445 2034; baseline -0.002 -34"><span class='ocrx_word' id='word_1_157' title='bbox 343 1953 444 2012; x_wconf 88' lang='lat' dir='ltr'>cuinus,</span> <span class='ocrx_word' id='word_1_158' title='bbox 463 1953 551 2000; x_wconf 89' lang='lat' dir='ltr'>rethor</span> <span class='ocrx_word' id='word_1_159' title='bbox 570 1950 735 2010; x_wconf 86' lang='lat' dir='ltr'>Britanicus,</span> <span class='ocrx_word' id='word_1_160' title='bbox 756 1949 883 1999; x_wconf 87' lang='lat' dir='ltr'>diaconus</span> <span class='ocrx_word' id='word_1_161' title='bbox 904 1954 930 1998; x_wconf 85' lang='lat' dir='ltr'>et</span> <span class='ocrx_word' id='word_1_162' title='bbox 949 1950 1030 2000; x_wconf 88' lang='lat' dir='ltr'>abbas</span> <span class='ocrx_word' id='word_1_163' title='bbox 1051 1951 1202 2000; x_wconf 89' lang='lat' dir='ltr'>monasterii</span> <span class='ocrx_word' id='word_1_164' title='bbox 1222 1950 1313 2001; x_wconf 80' lang='lat' dir='ltr'>Sancti</span> <span class='ocrx_word' id='word_1_165' title='bbox 1331 1948 1445 2034; x_wconf 57' lang='lat' dir='ltr'>libertini,</span> 
     </span>
     <span class='ocr_line' id='line_1_21' title="bbox 341 2021 1495 2100; baseline -0.002 -27"><span class='ocrx_word' id='word_1_166' title='bbox 341 2026 482 2073; x_wconf 84' lang='lat' dir='ltr'>sanctitate</span> <span class='ocrx_word' id='word_1_167' title='bbox 508 2028 534 2070; x_wconf 91' lang='lat' dir='ltr'>et</span> <span class='ocrx_word' id='word_1_168' title='bbox 524 2021 680 2071; x_wconf 90' lang='lat' dir='ltr'>tdoctrina</span> <span class='ocrx_word' id='word_1_169' title='bbox 704 2022 790 2072; x_wconf 88' lang='lat' dir='ltr'>clarus</span> <span class='ocrx_word' id='word_1_170' title='bbox 813 2022 933 2070; x_wconf 86' lang='lat' dir='ltr'>habetur.</span> <span class='ocrx_word' id='word_1_171' title='bbox 971 2021 1103 2072; x_wconf 85' lang='lat' dir='ltr'>Adrianus</span> <span class='ocrx_word' id='word_1_172' title='bbox 1129 2037 1198 2087; x_wconf 88' lang='lat' dir='ltr'>papa</span> <span class='ocrx_word' id='word_1_173' title='bbox 1218 2023 1295 2080; x_wconf 88' lang='lat' dir='ltr'>obiit;</span> <span class='ocrx_word' id='word_1_174' title='bbox 1321 2023 1362 2070; x_wconf 90' lang='lat' dir='ltr'>cui</span> <span class='ocrx_word' id='word_1_175' title='bbox 1387 2035 1447 2100; x_wconf 82' lang='lat' dir='ltr'>suc·</span> <span class='ocrx_word' id='word_1_176' title='bbox 1492 2084 1495 2090; x_wconf 27' lang='grc' dir='ltr'>Ι</span> 
     </span>
     <span class='ocr_line' id='line_1_22' title="bbox 343 2091 551 2144; baseline -0.01 -1"><span class='ocrx_word' id='word_1_177' title='bbox 343 2095 421 2144; x_wconf 83' lang='lat' dir='ltr'>cedit</span> <span class='ocrx_word' id='word_1_178' title='bbox 433 2091 493 2144; x_wconf 91' lang='lat' dir='ltr'>Leo</span> <span class='ocrx_word' id='word_1_179' title='bbox 508 2094 551 2144; x_wconf 86' lang='grc'>93</span> 
     </span>
    </p>

    <p class='ocr_par' dir='ltr' id='par_1_9' title="bbox 342 2137 1496 2303">
     <span class='ocr_line' id='line_1_23' title="bbox 433 2137 1496 2250; baseline 0.001 -35"><span class='ocrx_word' id='word_1_180' title='bbox 433 2167 476 2216; x_wconf 82' lang='grc'>27.</span> <span class='ocrx_word' id='word_1_181' title='bbox 513 2167 651 2215; x_wconf 89' lang='lat' dir='ltr'>Hunorum</span> <span class='ocrx_word' id='word_1_182' title='bbox 677 2164 777 2250; x_wconf 79' lang='lat' dir='ltr'>legatio</span> <span class='ocrx_word' id='word_1_183' title='bbox 802 2137 836 2214; x_wconf 85' lang='lat' dir='ltr'>ad</span> <span class='ocrx_word' id='word_1_184' title='bbox 862 2181 952 2230; x_wconf 90' lang='lat' dir='ltr'>regem</span> <span class='ocrx_word' id='word_1_185' title='bbox 978 2167 1100 2226; x_wconf 82' lang='lat' dir='ltr'>veniens,</span> <span class='ocrx_word' id='word_1_186' title='bbox 1130 2166 1266 2215; x_wconf 87' lang='lat' dir='ltr'>thesauros</span> <span class='ocrx_word' id='word_1_187' title='bbox 1296 2164 1446 2230; x_wconf 88' lang='lat' dir='ltr'>adducunt;</span> <span class='ocrx_word' id='word_1_188' title='bbox 1489 2198 1496 2216; x_wconf 68' lang='lat'><em>0</em></span> 
     </span>
     <span class='ocr_line' id='line_1_24' title="bbox 342 2237 1350 2303; baseline -0.002 -15"><span class='ocrx_word' id='word_1_189' title='bbox 342 2254 407 2302; x_wconf 89' lang='lat' dir='ltr'>quos</span> <span class='ocrx_word' id='word_1_190' title='bbox 427 2254 472 2288; x_wconf 86' lang='lat' dir='ltr'>rex</span> <span class='ocrx_word' id='word_1_191' title='bbox 491 2237 662 2303; x_wconf 85' lang='lat' dir='ltr'>optimatibus</span> <span class='ocrx_word' id='word_1_192' title='bbox 681 2238 735 2286; x_wconf 88' lang='lat' dir='ltr'>suis</span> <span class='ocrx_word' id='word_1_193' title='bbox 738 2237 896 2297; x_wconf 83' lang='lat' dir='ltr'>distribuit,</span> <span class='ocrx_word' id='word_1_194' title='bbox 914 2237 1017 2300; x_wconf 87' lang='lat' dir='ltr'>legatos</span> <span class='ocrx_word' id='word_1_195' title='bbox 1037 2238 1109 2286; x_wconf 83' lang='lat' dir='ltr'>abire</span> <span class='ocrx_word' id='word_1_196' title='bbox 1129 2238 1224 2301; x_wconf 87' lang='lat' dir='ltr'>permit</span> <span class='ocrx_word' id='word_1_197' title='bbox 1214 2239 1264 2287; x_wconf 91' lang='lat' dir='ltr'>ttit.</span> <span class='ocrx_word' id='word_1_198' title='bbox 1340 2240 1350 2279; x_wconf 84' lang='grc'>“.</span> 
     </span>
    </p>

    <p class='ocr_par' dir='ltr' id='par_1_10' title="bbox 433 2308 1115 2373">
     <span class='ocr_line' id='line_1_25' title="bbox 433 2308 1115 2373; baseline 0.001 -17"><span class='ocrx_word' id='word_1_199' title='bbox 433 2310 476 2358; x_wconf 87' lang='grc'>28.</span> <span class='ocrx_word' id='word_1_200' title='bbox 513 2311 640 2373; x_wconf 86' lang='lat' dir='ltr'>Pippinus</span> <span class='ocrx_word' id='word_1_201' title='bbox 660 2323 705 2356; x_wconf 83' lang='lat' dir='ltr'>rex</span> <span class='ocrx_word' id='word_1_202' title='bbox 724 2308 820 2357; x_wconf 88' lang='lat' dir='ltr'>Italiae</span> <span class='ocrx_word' id='word_1_203' title='bbox 839 2309 1001 2357; x_wconf 90' lang='lat' dir='ltr'>Pannoniam</span> <span class='ocrx_word' id='word_1_204' title='bbox 1022 2311 1115 2373; x_wconf 87' lang='lat' dir='ltr'>pergit</span> 
     </span>
    </p>

    <p class='ocr_par' dir='ltr' id='par_1_11' title="bbox 309 2367 1446 2444">
     <span class='ocr_line' id='line_1_26' title="bbox 309 2367 1446 2444; baseline 0 -16"><span class='ocrx_word' id='word_1_205' title='bbox 309 2424 317 2441; x_wconf 84' lang='grc'><strong><em>,</em></strong></span> <span class='ocrx_word' id='word_1_206' title='bbox 433 2383 476 2430; x_wconf 88' lang='grc'>29.</span> <span class='ocrx_word' id='word_1_207' title='bbox 514 2380 653 2430; x_wconf 83' lang='lat' dir='ltr'>Karblus&#39;</span> <span class='ocrx_word' id='word_1_208' title='bbox 646 2395 672 2428; x_wconf 89' lang='grc' dir='ltr'>ιιι</span> <span class='ocrx_word' id='word_1_209' title='bbox 693 2380 835 2431; x_wconf 77' lang='lat' dir='ltr'>Saxoniam</span> <span class='ocrx_word' id='word_1_210' title='bbox 855 2381 973 2429; x_wconf 84' lang='lat' dir='ltr'>Francos</span> <span class='ocrx_word' id='word_1_211' title='bbox 992 2380 1142 2444; x_wconf 90' lang='lat' dir='ltr'>conloquat,</span> <span class='ocrx_word' id='word_1_212' title='bbox 1162 2381 1279 2430; x_wconf 84' lang='lat' dir='ltr'>Saxones</span> <span class='ocrx_word' id='word_1_213' title='bbox 1299 2367 1361 2429; x_wconf 88' lang='lat' dir='ltr'>inde</span> <span class='ocrx_word' id='word_1_214' title='bbox 1382 2380 1446 2429; x_wconf 90' lang='lat' dir='ltr'>edu·</span> 
     </span>
    </p>

    <p class='ocr_par' dir='ltr' id='par_1_12' title="bbox 266 2449 1211 2513">
     <span class='ocr_line' id='line_1_27' title="bbox 266 2449 1211 2513; baseline -0.003 -10"><span class='ocrx_word' id='word_1_215' title='bbox 266 2449 270 2455; x_wconf 75' lang='grc'><strong>’</strong></span> <span class='ocrx_word' id='word_1_216' title='bbox 344 2459 426 2503; x_wconf 84' lang='lat' dir='ltr'>censc</span> <span class='ocrx_word' id='word_1_217' title='bbox 448 2469 506 2502; x_wconf 91' lang='lat' dir='ltr'>cum</span> <span class='ocrx_word' id='word_1_218' title='bbox 526 2453 651 2502; x_wconf 84' lang='lat' dir='ltr'>uxoribus</span> <span class='ocrx_word' id='word_1_219' title='bbox 672 2458 698 2501; x_wconf 89' lang='lat' dir='ltr'>et</span> <span class='ocrx_word' id='word_1_220' title='bbox 716 2452 813 2513; x_wconf 88' lang='lat' dir='ltr'>liberis,</span> <span class='ocrx_word' id='word_1_221' title='bbox 833 2451 860 2500; x_wconf 92' lang='lat' dir='ltr'>id</span> <span class='ocrx_word' id='word_1_222' title='bbox 881 2458 921 2502; x_wconf 90' lang='lat' dir='ltr'>est</span> <span class='ocrx_word' id='word_1_223' title='bbox 939 2453 1050 2501; x_wconf 88' lang='lat' dir='ltr'>tercium</span> <span class='ocrx_word' id='word_1_224' title='bbox 1070 2453 1211 2502; x_wconf 89' lang='lat' dir='ltr'>hominem.</span> 
     </span>
    </p>

    <p class='ocr_par' dir='ltr' id='par_1_13' title="bbox 435 2524 1064 2588">
     <span class='ocr_line' id='line_1_28' title="bbox 435 2524 1064 2588; baseline 0 -16"><span class='ocrx_word' id='word_1_225' title='bbox 435 2526 478 2582; x_wconf 89' lang='grc'>30</span> <span class='ocrx_word' id='word_1_226' title='bbox 517 2524 629 2574; x_wconf 85' lang='lat' dir='ltr'>Karolus</span> <span class='ocrx_word' id='word_1_227' title='bbox 648 2525 742 2573; x_wconf 88' lang='lat' dir='ltr'>iterum</span> <span class='ocrx_word' id='word_1_228' title='bbox 762 2527 789 2572; x_wconf 90' lang='lat' dir='ltr'>in</span> <span class='ocrx_word' id='word_1_229' title='bbox 809 2524 950 2573; x_wconf 86' lang='lat' dir='ltr'>Saxoniam</span> <span class='ocrx_word' id='word_1_230' title='bbox 970 2526 1064 2588; x_wconf 89' lang='lat' dir='ltr'>pergit.</span> 
     </span>
    </p>

    <p class='ocr_par' dir='ltr' id='par_1_14' title="bbox 434 2575 1447 2661">
     <span class='ocr_line' id='line_1_29' title="bbox 434 2575 1447 2661; baseline 0 -17"><span class='ocrx_word' id='word_1_231' title='bbox 434 2598 478 2645; x_wconf 89' lang='lat'>31.</span> <span class='ocrx_word' id='word_1_232' title='bbox 516 2597 566 2645; x_wconf 89' lang='lat' dir='ltr'>Per</span> <span class='ocrx_word' id='word_1_233' title='bbox 594 2575 685 2644; x_wconf 90' lang='lat' dir='ltr'>idem</span> <span class='ocrx_word' id='word_1_234' title='bbox 690 2602 793 2660; x_wconf 87' lang='lat' dir='ltr'>tempus</span> <span class='ocrx_word' id='word_1_235' title='bbox 821 2597 932 2645; x_wconf 85' lang='lat' dir='ltr'>Romani</span> <span class='ocrx_word' id='word_1_236' title='bbox 959 2595 1077 2645; x_wconf 87' lang='lat' dir='ltr'>Leonem</span> <span class='ocrx_word' id='word_1_237' title='bbox 1105 2611 1201 2661; x_wconf 88' lang='lat' dir='ltr'>papam</span> <span class='ocrx_word' id='word_1_238' title='bbox 1229 2594 1263 2644; x_wconf 91' lang='lat' dir='ltr'>de</span> <span class='ocrx_word' id='word_1_239' title='bbox 1291 2593 1447 2661; x_wconf 82' lang='lat' dir='ltr'>pontificatu</span> 
     </span>
    </p>

    <p class='ocr_par' dir='ltr' id='par_1_15' title="bbox 272 2667 1542 3023">
     <span class='ocr_line' id='line_1_30' title="bbox 272 2667 1496 2741; baseline -0.002 -23"><span class='ocrx_word' id='word_1_240' title='bbox 272 2680 287 2718; x_wconf 83' lang='lat' dir='ltr'>f.</span> <span class='ocrx_word' id='word_1_241' title='bbox 297 2679 332 2733; x_wconf 70' lang='lat'>25.</span> <span class='ocrx_word' id='word_1_242' title='bbox 344 2685 368 2719; x_wconf 84' lang='lat' dir='ltr'>er</span> <span class='ocrx_word' id='word_1_243' title='bbox 369 2672 445 2727; x_wconf 85' lang='lat' dir='ltr'>runt</span> <span class='ocrx_word' id='word_1_244' title='bbox 465 2667 555 2718; x_wconf 84' lang='lat' dir='ltr'>oculos</span> <span class='ocrx_word' id='word_1_245' title='bbox 576 2668 830 2729; x_wconf 88' lang='lat' dir='ltr'>erueremoliuntur,</span> <span class='ocrx_word' id='word_1_246' title='bbox 849 2667 965 2729; x_wconf 85' lang='lat' dir='ltr'>linguam</span> <span class='ocrx_word' id='word_1_247' title='bbox 984 2667 1132 2741; x_wconf 84' lang='lat' dir='ltr'>abscidunt,</span> <span class='ocrx_word' id='word_1_248' title='bbox 1152 2670 1178 2717; x_wconf 93' lang='lat' dir='ltr'>in</span> <span class='ocrx_word' id='word_1_249' title='bbox 1199 2667 1345 2716; x_wconf 82' lang='lat' dir='ltr'>custodiam</span> <span class='ocrx_word' id='word_1_250' title='bbox 1364 2672 1446 2717; x_wconf 91' lang='lat' dir='ltr'>retru-</span> <span class='ocrx_word' id='word_1_251' title='bbox 1492 2670 1496 2675; x_wconf 68' lang='lat'>‘</span> 
     </span>
     <span class='ocr_line' id='line_1_31' title="bbox 344 2736 1447 2806; baseline -0.003 -15"><span class='ocrx_word' id='word_1_252' title='bbox 344 2741 417 2792; x_wconf 87' lang='lat' dir='ltr'>dunt.</span> <span class='ocrx_word' id='word_1_253' title='bbox 454 2741 532 2791; x_wconf 88' lang='lat' dir='ltr'>Unde</span> <span class='ocrx_word' id='word_1_254' title='bbox 552 2757 599 2805; x_wconf 90' lang='lat' dir='ltr'>per</span> <span class='ocrx_word' id='word_1_255' title='bbox 617 2741 740 2789; x_wconf 87' lang='lat' dir='ltr'>Albinum</span> <span class='ocrx_word' id='word_1_256' title='bbox 762 2739 951 2789; x_wconf 90' lang='lat' dir='ltr'>cubicularium</span> <span class='ocrx_word' id='word_1_257' title='bbox 978 2746 1057 2790; x_wconf 87' lang='lat' dir='ltr'>noctu</span> <span class='ocrx_word' id='word_1_258' title='bbox 1076 2736 1123 2806; x_wconf 87' lang='lat' dir='ltr'>per</span> <span class='ocrx_word' id='word_1_259' title='bbox 1142 2755 1243 2790; x_wconf 89' lang='lat' dir='ltr'>murum</span> <span class='ocrx_word' id='word_1_260' title='bbox 1267 2741 1295 2788; x_wconf 88' lang='lat' dir='ltr'>in</span> <span class='ocrx_word' id='word_1_261' title='bbox 1320 2740 1381 2788; x_wconf 85' lang='lat' dir='ltr'>fune</span> <span class='ocrx_word' id='word_1_262' title='bbox 1402 2739 1447 2789; x_wconf 90' lang='lat' dir='ltr'>de-</span> 
     </span>
     <span class='ocr_line' id='line_1_32' title="bbox 342 2812 1446 2896; baseline -0.004 -31"><span class='ocrx_word' id='word_1_263' title='bbox 342 2816 460 2879; x_wconf 91' lang='lat' dir='ltr'>ponitur;</span> <span class='ocrx_word' id='word_1_264' title='bbox 481 2813 515 2862; x_wconf 89' lang='lat' dir='ltr'>ad</span> <span class='ocrx_word' id='word_1_265' title='bbox 530 2813 691 2877; x_wconf 91' lang='lat' dir='ltr'>Winigisum</span> <span class='ocrx_word' id='word_1_266' title='bbox 713 2813 806 2869; x_wconf 86' lang='lat' dir='ltr'>ducem</span> <span class='ocrx_word' id='word_1_267' title='bbox 814 2812 1002 2896; x_wconf 86' lang='lat' dir='ltr'>Spolitanum,</span> <span class='ocrx_word' id='word_1_268' title='bbox 1022 2813 1067 2877; x_wconf 90' lang='lat' dir='ltr'>qui</span> <span class='ocrx_word' id='word_1_269' title='bbox 1093 2828 1163 2862; x_wconf 82' lang='lat' dir='ltr'>orrea</span> <span class='ocrx_word' id='word_1_270' title='bbox 1175 2812 1275 2864; x_wconf 90' lang='lat' dir='ltr'>Urbem</span> <span class='ocrx_word' id='word_1_271' title='bbox 1293 2827 1353 2861; x_wconf 90' lang='lat' dir='ltr'>cum</span> <span class='ocrx_word' id='word_1_272' title='bbox 1373 2826 1446 2861; x_wconf 86' lang='lat' dir='ltr'>exer-</span> 
     </span>
     <span class='ocr_line' id='line_1_33' title="bbox 343 2883 1447 2950; baseline -0.003 -15"><span class='ocrx_word' id='word_1_273' title='bbox 343 2888 399 2935; x_wconf 89' lang='lat' dir='ltr'>citu</span> <span class='ocrx_word' id='word_1_274' title='bbox 419 2885 584 2946; x_wconf 89' lang='lat' dir='ltr'>consederat,</span> <span class='ocrx_word' id='word_1_275' title='bbox 604 2886 732 2950; x_wconf 89' lang='lat' dir='ltr'>pervenit.</span> <span class='ocrx_word' id='word_1_276' title='bbox 771 2884 823 2943; x_wconf 78' lang='lat' dir='ltr'>Q&#39;ui</span> <span class='ocrx_word' id='word_1_277' title='bbox 850 2900 938 2933; x_wconf 89' lang='lat' dir='ltr'>curam</span> <span class='ocrx_word' id='word_1_278' title='bbox 964 2886 989 2933; x_wconf 90' lang='lat' dir='ltr'>ei</span> <span class='ocrx_word' id='word_1_279' title='bbox 1013 2884 1134 2934; x_wconf 84' lang='lat' dir='ltr'>adhibuit</span> <span class='ocrx_word' id='word_1_280' title='bbox 1157 2886 1210 2934; x_wconf 85' lang='lat' dir='ltr'>et</span> <span class='ocrx_word' id='word_1_281' title='bbox 1202 2901 1230 2933; x_wconf 86' lang='grc' dir='ltr'>ιιι</span> <span class='ocrx_word' id='word_1_282' title='bbox 1250 2884 1393 2934; x_wconf 85' lang='lat' dir='ltr'>Saxoniam</span> <span class='ocrx_word' id='word_1_283' title='bbox 1412 2883 1447 2933; x_wconf 88' lang='lat' dir='ltr'>ad</span> 
     </span>
     <span class='ocr_line' id='line_1_34' title="bbox 341 2945 1542 3041; baseline -0.003 -34"><span class='ocrx_word' id='word_1_284' title='bbox 341 2973 430 3023; x_wconf 91' lang='lat' dir='ltr'>regem</span> <span class='ocrx_word' id='word_1_285' title='bbox 460 2956 559 3021; x_wconf 88' lang='lat' dir='ltr'>dirigit</span> <span class='ocrx_word' id='word_1_286' title='bbox 604 2958 628 3005; x_wconf 84' lang='grc' dir='ltr'>Α</span> <span class='ocrx_word' id='word_1_287' title='bbox 658 2972 708 3020; x_wconf 89' lang='lat' dir='ltr'>quo</span> <span class='ocrx_word' id='word_1_288' title='bbox 738 2945 880 3012; x_wconf 77' lang='lat' dir='ltr'>honeritice</span> <span class='ocrx_word' id='word_1_289' title='bbox 910 2963 1062 3021; x_wconf 86' lang='lat' dir='ltr'>susceptus,</span> <span class='ocrx_word' id='word_1_290' title='bbox 1092 2959 1119 3005; x_wconf 92' lang='lat' dir='ltr'>in</span> <span class='ocrx_word' id='word_1_291' title='bbox 1151 2955 1241 3006; x_wconf 89' lang='lat' dir='ltr'>sedem</span> <span class='ocrx_word' id='word_1_292' title='bbox 1273 2955 1446 3041; x_wconf 87' lang='lat' dir='ltr'>apostolicam</span> <span class='ocrx_word' id='word_1_293' title='bbox 1538 2952 1542 2957; x_wconf 84' lang='grc'><strong>’</strong></span> 
     </span>
    </p>

    <p class='ocr_par' dir='ltr' id='par_1_16' title="bbox 292 3026 1446 3117">
     <span class='ocr_line' id='line_1_35' title="bbox 292 3026 1446 3117; baseline -0.006 -34"><span class='ocrx_word' id='word_1_294' title='bbox 292 3080 293 3083; x_wconf 76' lang='grc'>,</span> <span class='ocrx_word' id='word_1_295' title='bbox 340 3031 463 3080; x_wconf 86' lang='lat' dir='ltr'>Leonem</span> <span class='ocrx_word' id='word_1_296' title='bbox 471 3031 596 3090; x_wconf 84' lang='lat' dir='ltr'>restrtmt</span> <span class='ocrx_word' id='word_1_297' title='bbox 617 3030 757 3088; x_wconf 83' lang='lat' dir='ltr'>Romanos,</span> <span class='ocrx_word' id='word_1_298' title='bbox 778 3044 823 3091; x_wconf 82' lang='lat' dir='ltr'>qur</span> <span class='ocrx_word' id='word_1_299' title='bbox 815 3028 905 3080; x_wconf 88' lang='lat' dir='ltr'>hanc</span> <span class='ocrx_word' id='word_1_300' title='bbox 925 3027 1082 3077; x_wconf 85' lang='lat' dir='ltr'>tirannidem</span> <span class='ocrx_word' id='word_1_301' title='bbox 1097 3032 1277 3117; x_wconf 86' lang='lat' dir='ltr'>exercuerunt,</span> <span class='ocrx_word' id='word_1_302' title='bbox 1297 3029 1324 3076; x_wconf 90' lang='lat' dir='ltr'>in</span> <span class='ocrx_word' id='word_1_303' title='bbox 1340 3026 1446 3078; x_wconf 86' lang='lat' dir='ltr'>exilium</span> 
     </span>
    </p>
   </div>
   <div class='ocr_carea' id='block_1_3' title="bbox 216 3104 1523 4254">
    <p class='ocr_par' dir='ltr' id='par_1_17' title="bbox 342 3104 429 3152">
     <span class='ocr_line' id='line_1_36' title="bbox 342 3104 429 3152; baseline 0 -1"><span class='ocrx_word' id='word_1_304' title='bbox 342 3104 429 3152; x_wconf 86' lang='lat' dir='ltr'>mittit.</span> 
     </span>
    </p>

    <p class='ocr_par' dir='ltr' id='par_1_18' title="bbox 432 3144 1446 3236">
     <span class='ocr_line' id='line_1_37' title="bbox 432 3144 1446 3236; baseline 0 -16"><span class='ocrx_word' id='word_1_305' title='bbox 432 3173 476 3220; x_wconf 92' lang='grc'>32.</span> <span class='ocrx_word' id='word_1_306' title='bbox 515 3170 628 3220; x_wconf 86' lang='lat' dir='ltr'>Karolus</span> <span class='ocrx_word' id='word_1_307' title='bbox 647 3172 772 3220; x_wconf 81' lang='lat' dir='ltr'>Romam</span> <span class='ocrx_word' id='word_1_308' title='bbox 784 3144 879 3236; x_wconf 82' lang='lat' dir='ltr'>pergit.</span> <span class='ocrx_word' id='word_1_309' title='bbox 916 3155 972 3220; x_wconf 78' lang='lat' dir='ltr'>Leo</span> <span class='ocrx_word' id='word_1_310' title='bbox 997 3186 1067 3236; x_wconf 90' lang='lat' dir='ltr'>papa</span> <span class='ocrx_word' id='word_1_311' title='bbox 1093 3177 1155 3221; x_wconf 87' lang='lat' dir='ltr'>ante</span> <span class='ocrx_word' id='word_1_312' title='bbox 1181 3170 1249 3221; x_wconf 87' lang='lat' dir='ltr'>diem</span> <span class='ocrx_word' id='word_1_313' title='bbox 1276 3169 1372 3223; x_wconf 84' lang='lat' dir='ltr'>natalis</span> <span class='ocrx_word' id='word_1_314' title='bbox 1391 3170 1446 3220; x_wconf 89' lang='lat' dir='ltr'>Do·</span> 
     </span>
    </p>

    <p class='ocr_par' dir='ltr' id='par_1_19' title="bbox 216 3242 1447 3381">
     <span class='ocr_line' id='line_1_38' title="bbox 216 3242 1446 3311; baseline -0.002 -17"><span class='ocrx_word' id='word_1_315' title='bbox 216 3299 218 3307; x_wconf 19' lang='lat'><strong>¹</strong></span> <span class='ocrx_word' id='word_1_316' title='bbox 269 3286 288 3293; x_wconf 90' lang='lat'>..</span> <span class='ocrx_word' id='word_1_317' title='bbox 341 3246 405 3294; x_wconf 82' lang='lat' dir='ltr'>mini</span> <span class='ocrx_word' id='word_1_318' title='bbox 425 3246 534 3293; x_wconf 88' lang='lat' dir='ltr'>tercium</span> <span class='ocrx_word' id='word_1_319' title='bbox 555 3243 588 3293; x_wconf 89' lang='lat' dir='ltr'>de</span> <span class='ocrx_word' id='word_1_320' title='bbox 602 3243 731 3301; x_wconf 75' lang='lat' dir='ltr'>omnibus</span> <span class='ocrx_word' id='word_1_321' title='bbox 751 3258 802 3311; x_wconf 89' lang='lat' dir='ltr'>que</span> <span class='ocrx_word' id='word_1_322' title='bbox 822 3259 837 3291; x_wconf 91' lang='lat' dir='ltr'>a</span> <span class='ocrx_word' id='word_1_323' title='bbox 855 3242 952 3308; x_wconf 90' lang='lat' dir='ltr'>populo</span> <span class='ocrx_word' id='word_1_324' title='bbox 966 3243 1083 3293; x_wconf 87' lang='lat' dir='ltr'>Romano</span> <span class='ocrx_word' id='word_1_325' title='bbox 1104 3243 1129 3292; x_wconf 89' lang='lat' dir='ltr'>ei</span> <span class='ocrx_word' id='word_1_326' title='bbox 1147 3242 1339 3306; x_wconf 87' lang='lat' dir='ltr'>obiciebantur,</span> <span class='ocrx_word' id='word_1_327' title='bbox 1359 3257 1446 3292; x_wconf 89' lang='lat' dir='ltr'>coram</span> 
     </span>
     <span class='ocr_line' id='line_1_39' title="bbox 341 3300 1447 3381; baseline -0.001 -16"><span class='ocrx_word' id='word_1_328' title='bbox 341 3331 405 3379; x_wconf 87' lang='lat' dir='ltr'>rege</span> <span class='ocrx_word' id='word_1_329' title='bbox 420 3323 446 3364; x_wconf 90' lang='lat' dir='ltr'>et</span> <span class='ocrx_word' id='word_1_330' title='bbox 458 3315 555 3381; x_wconf 92' lang='lat' dir='ltr'>populo</span> <span class='ocrx_word' id='word_1_331' title='bbox 570 3316 731 3365; x_wconf 82' lang='lat' dir='ltr'>Francorum</span> <span class='ocrx_word' id='word_1_332' title='bbox 745 3315 806 3363; x_wconf 89' lang='lat' dir='ltr'>dato</span> <span class='ocrx_word' id='word_1_333' title='bbox 820 3320 985 3365; x_wconf 85' lang='lat' dir='ltr'>sacramento</span> <span class='ocrx_word' id='word_1_334' title='bbox 1000 3314 1162 3380; x_wconf 84' lang='lat' dir='ltr'>purificatur.</span> <span class='ocrx_word' id='word_1_335' title='bbox 1201 3300 1275 3365; x_wconf 78' lang='lat' dir='ltr'>Etru</span> <span class='ocrx_word' id='word_1_336' title='bbox 1290 3316 1333 3364; x_wconf 89' lang='lat' dir='ltr'>die</span> <span class='ocrx_word' id='word_1_337' title='bbox 1344 3310 1447 3364; x_wconf 81' lang='lat' dir='ltr'>natalis</span> 
     </span>
    </p>

    <p class='ocr_par' dir='ltr' id='par_1_20' title="bbox 253 3381 1523 3440">
     <span class='ocr_line' id='line_1_40' title="bbox 253 3381 1523 3440; baseline -0.002 -2"><span class='ocrx_word' id='word_1_338' title='bbox 253 3398 256 3403; x_wconf 86' lang='grc'><em>“</em></span> <span class='ocrx_word' id='word_1_339' title='bbox 341 3388 451 3438; x_wconf 91' lang='lat' dir='ltr'>Domini</span> <span class='ocrx_word' id='word_1_340' title='bbox 477 3391 538 3436; x_wconf 89' lang='lat' dir='ltr'>ante</span> <span class='ocrx_word' id='word_1_341' title='bbox 565 3388 701 3440; x_wconf 87' lang='lat' dir='ltr'>missarum</span> <span class='ocrx_word' id='word_1_342' title='bbox 728 3381 881 3436; x_wconf 89' lang='lat' dir='ltr'>solemnia&#39;</span> <span class='ocrx_word' id='word_1_343' title='bbox 874 3402 902 3435; x_wconf 89' lang='grc' dir='ltr'>ιιι</span> <span class='ocrx_word' id='word_1_344' title='bbox 921 3386 1037 3436; x_wconf 89' lang='lat' dir='ltr'>ecclesia</span> <span class='ocrx_word' id='word_1_345' title='bbox 1056 3389 1140 3436; x_wconf 89' lang='lat' dir='ltr'>sancti</span> <span class='ocrx_word' id='word_1_346' title='bbox 1159 3388 1231 3436; x_wconf 88' lang='lat' dir='ltr'>Petri</span> <span class='ocrx_word' id='word_1_347' title='bbox 1252 3396 1340 3436; x_wconf 82' lang='lat' dir='ltr'>coram</span> <span class='ocrx_word' id='word_1_348' title='bbox 1358 3401 1446 3438; x_wconf 83' lang='lat' dir='ltr'>sacre·</span> <span class='ocrx_word' id='word_1_349' title='bbox 1520 3406 1523 3413; x_wconf 66' lang='grc'><em>’</em></span> 
     </span>
    </p>

    <p class='ocr_par' dir='ltr' id='par_1_21' title="bbox 341 3457 1447 3524">
     <span class='ocr_line' id='line_1_41' title="bbox 341 3457 1447 3524; baseline -0.002 -14"><span class='ocrx_word' id='word_1_350' title='bbox 341 3461 470 3510; x_wconf 87' lang='lat' dir='ltr'>tissimum</span> <span class='ocrx_word' id='word_1_351' title='bbox 486 3474 584 3523; x_wconf 88' lang='lat' dir='ltr'>corpus</span> <span class='ocrx_word' id='word_1_352' title='bbox 605 3460 660 3509; x_wconf 88' lang='lat' dir='ltr'>eius</span> <span class='ocrx_word' id='word_1_353' title='bbox 681 3474 803 3521; x_wconf 85' lang='lat' dir='ltr'>coronam</span> <span class='ocrx_word' id='word_1_354' title='bbox 822 3459 985 3523; x_wconf 88' lang='lat' dir='ltr'>imperialem</span> <span class='ocrx_word' id='word_1_355' title='bbox 1011 3460 1091 3524; x_wconf 88' lang='lat' dir='ltr'>capiti</span> <span class='ocrx_word' id='word_1_356' title='bbox 1117 3461 1191 3522; x_wconf 73' lang='lat' dir='ltr'>regis«</span> <span class='ocrx_word' id='word_1_357' title='bbox 1206 3460 1297 3508; x_wconf 87' lang='lat' dir='ltr'>Leone</span> <span class='ocrx_word' id='word_1_358' title='bbox 1321 3457 1447 3524; x_wconf 76' lang='lat' dir='ltr'>pontifice</span> 
     </span>
    </p>

    <p class='ocr_par' dir='ltr' id='par_1_22' title="bbox 315 3530 1445 3597">
     <span class='ocr_line' id='line_1_42' title="bbox 315 3530 1445 3597; baseline 0.004 -21"><span class='ocrx_word' id='word_1_359' title='bbox 315 3570 319 3576; x_wconf 95' lang='lat'>.</span> <span class='ocrx_word' id='word_1_360' title='bbox 341 3534 502 3597; x_wconf 86' lang='lat' dir='ltr'>imponente,</span> <span class='ocrx_word' id='word_1_361' title='bbox 529 3532 562 3579; x_wconf 86' lang='lat' dir='ltr'>ab</span> <span class='ocrx_word' id='word_1_362' title='bbox 582 3533 639 3595; x_wconf 87' lang='lat' dir='ltr'>ipso</span> <span class='ocrx_word' id='word_1_363' title='bbox 665 3530 789 3596; x_wconf 88' lang='lat' dir='ltr'>pontifice</span> <span class='ocrx_word' id='word_1_364' title='bbox 814 3538 839 3579; x_wconf 87' lang='lat' dir='ltr'>et</span> <span class='ocrx_word' id='word_1_365' title='bbox 858 3533 891 3579; x_wconf 86' lang='lat' dir='ltr'>ab</span> <span class='ocrx_word' id='word_1_366' title='bbox 911 3533 981 3581; x_wconf 92' lang='lat' dir='ltr'>omni</span> <span class='ocrx_word' id='word_1_367' title='bbox 1008 3530 1106 3596; x_wconf 89' lang='lat' dir='ltr'>populo</span> <span class='ocrx_word' id='word_1_368' title='bbox 1126 3532 1245 3581; x_wconf 84' lang='lat' dir='ltr'>Romano</span> <span class='ocrx_word' id='word_1_369' title='bbox 1265 3538 1344 3595; x_wconf 88' lang='lat' dir='ltr'>atque</span> <span class='ocrx_word' id='word_1_370' title='bbox 1363 3532 1445 3581; x_wconf 85' lang='lat' dir='ltr'>Fran-</span> 
     </span>
    </p>

    <p class='ocr_par' dir='ltr' id='par_1_23' title="bbox 343 3602 1298 3669">
     <span class='ocr_line' id='line_1_43' title="bbox 343 3602 1298 3669; baseline -0.003 -16"><span class='ocrx_word' id='word_1_371' title='bbox 343 3618 431 3653; x_wconf 89' lang='lat' dir='ltr'>corum</span> <span class='ocrx_word' id='word_1_372' title='bbox 452 3609 578 3665; x_wconf 90' lang='lat' dir='ltr'>augustus</span> <span class='ocrx_word' id='word_1_373' title='bbox 598 3603 755 3667; x_wconf 89' lang='lat' dir='ltr'>appellatur,</span> <span class='ocrx_word' id='word_1_374' title='bbox 775 3618 841 3652; x_wconf 88' lang='lat' dir='ltr'>anno</span> <span class='ocrx_word' id='word_1_375' title='bbox 861 3604 1048 3653; x_wconf 85' lang='lat' dir='ltr'>incarnationis</span> <span class='ocrx_word' id='word_1_376' title='bbox 1069 3602 1217 3652; x_wconf 88' lang='lat' dir='ltr'>dominicae</span> <span class='ocrx_word' id='word_1_377' title='bbox 1238 3603 1298 3669; x_wconf 86' lang='lat'>800.</span> 
     </span>
    </p>

    <p class='ocr_par' dir='ltr' id='par_1_24' title="bbox 434 3674 1343 3740">
     <span class='ocr_line' id='line_1_44' title="bbox 434 3674 1343 3740; baseline 0.002 -18"><span class='ocrx_word' id='word_1_378' title='bbox 434 3675 476 3722; x_wconf 88' lang='lat'>33.</span> <span class='ocrx_word' id='word_1_379' title='bbox 515 3675 628 3738; x_wconf 85' lang='lat' dir='ltr'>Legatio</span> <span class='ocrx_word' id='word_1_380' title='bbox 649 3675 791 3724; x_wconf 72' lang='lat' dir='ltr'>(trecorum</span> <span class='ocrx_word' id='word_1_381' title='bbox 812 3674 846 3723; x_wconf 88' lang='lat' dir='ltr'>ad</span> <span class='ocrx_word' id='word_1_382' title='bbox 865 3681 1003 3740; x_wconf 87' lang='lat' dir='ltr'>augustum</span> <span class='ocrx_word' id='word_1_383' title='bbox 1024 3677 1137 3737; x_wconf 86' lang='lat' dir='ltr'>veniens,</span> <span class='ocrx_word' id='word_1_384' title='bbox 1157 3688 1249 3740; x_wconf 86' lang='lat' dir='ltr'>pacem</span> <span class='ocrx_word' id='word_1_385' title='bbox 1269 3676 1343 3740; x_wconf 87' lang='lat' dir='ltr'>petit.</span> 
     </span>
    </p>

    <p class='ocr_par' dir='ltr' id='par_1_25' title="bbox 342 3746 1445 3885">
     <span class='ocr_line' id='line_1_45' title="bbox 433 3746 1445 3797; baseline 0 -2"><span class='ocrx_word' id='word_1_386' title='bbox 433 3748 476 3797; x_wconf 79' lang='grc'>34.</span> <span class='ocrx_word' id='word_1_387' title='bbox 514 3748 725 3797; x_wconf 87' lang='lat' dir='ltr'>Amurmumulus</span> <span class='ocrx_word' id='word_1_388' title='bbox 746 3747 936 3797; x_wconf 89' lang='lat' dir='ltr'>Saracenorum</span> <span class='ocrx_word' id='word_1_389' title='bbox 963 3746 1103 3797; x_wconf 86' lang='lat' dir='ltr'>elefantum</span> <span class='ocrx_word' id='word_1_390' title='bbox 1129 3763 1209 3797; x_wconf 89' lang='lat' dir='ltr'>unum</span> <span class='ocrx_word' id='word_1_391' title='bbox 1233 3763 1291 3796; x_wconf 89' lang='lat' dir='ltr'>cnm</span> <span class='ocrx_word' id='word_1_392' title='bbox 1312 3747 1370 3796; x_wconf 87' lang='lat' dir='ltr'>aliis</span> <span class='ocrx_word' id='word_1_393' title='bbox 1391 3761 1445 3795; x_wconf 91' lang='lat' dir='ltr'>mu·</span> 
     </span>
     <span class='ocr_line' id='line_1_46' title="bbox 342 3812 1345 3885; baseline 0.003 -18"><span class='ocrx_word' id='word_1_394' title='bbox 342 3820 448 3869; x_wconf 89' lang='lat' dir='ltr'>neribus</span> <span class='ocrx_word' id='word_1_395' title='bbox 468 3820 594 3884; x_wconf 80' lang='lat' dir='ltr'>preciobis</span> <span class='ocrx_word' id='word_1_396' title='bbox 615 3818 713 3882; x_wconf 84' lang='lat' dir='ltr'>dirigit.</span> <span class='ocrx_word' id='word_1_397' title='bbox 752 3818 877 3868; x_wconf 87' lang='lat' dir='ltr'>Paulinus</span> <span class='ocrx_word' id='word_1_398' title='bbox 896 3819 1046 3885; x_wconf 88' lang='lat' dir='ltr'>patriarcha</span> <span class='ocrx_word' id='word_1_399' title='bbox 1064 3812 1253 3869; x_wconf 87' lang='lat' dir='ltr'>Foroiuliensis</span> <span class='ocrx_word' id='word_1_400' title='bbox 1271 3819 1345 3870; x_wconf 89' lang='lat' dir='ltr'>obiit.</span> 
     </span>
    </p>

    <p class='ocr_par' dir='ltr' id='par_1_26' title="bbox 341 3887 1495 4171">
     <span class='ocr_line' id='line_1_47' title="bbox 433 3887 1446 3956; baseline -0.003 -16"><span class='ocrx_word' id='word_1_401' title='bbox 433 3892 476 3941; x_wconf 81' lang='grc'>36,</span> <span class='ocrx_word' id='word_1_402' title='bbox 516 3891 585 3939; x_wconf 90' lang='lat' dir='ltr'>ltem</span> <span class='ocrx_word' id='word_1_403' title='bbox 603 3889 703 3955; x_wconf 88' lang='lat' dir='ltr'>legatio</span> <span class='ocrx_word' id='word_1_404' title='bbox 717 3889 859 3940; x_wconf 84' lang='lat' dir='ltr'>Grecorum</span> <span class='ocrx_word' id='word_1_405' title='bbox 879 3892 956 3941; x_wconf 89' lang='lat' dir='ltr'>simul</span> <span class='ocrx_word' id='word_1_406' title='bbox 976 3906 1034 3940; x_wconf 91' lang='lat' dir='ltr'>cum</span> <span class='ocrx_word' id='word_1_407' title='bbox 1053 3890 1149 3955; x_wconf 88' lang='lat' dir='ltr'>legatis</span> <span class='ocrx_word' id='word_1_408' title='bbox 1168 3892 1332 3956; x_wconf 86' lang='lat' dir='ltr'>imperatoris</span> <span class='ocrx_word' id='word_1_409' title='bbox 1346 3887 1446 3949; x_wconf 86' lang='lat' dir='ltr'>Kar&#39;oli,</span> 
     </span>
     <span class='ocr_line' id='line_1_48' title="bbox 342 3961 1445 4027; baseline -0.003 -15"><span class='ocrx_word' id='word_1_410' title='bbox 342 3979 407 4026; x_wconf 89' lang='lat' dir='ltr'>quos</span> <span class='ocrx_word' id='word_1_411' title='bbox 428 3962 559 4013; x_wconf 89' lang='lat' dir='ltr'>direxerat</span> <span class='ocrx_word' id='word_1_412' title='bbox 582 3965 609 4010; x_wconf 91' lang='lat' dir='ltr'>in</span> <span class='ocrx_word' id='word_1_413' title='bbox 629 3964 765 4022; x_wconf 87' lang='lat' dir='ltr'>Greeiam,</span> <span class='ocrx_word' id='word_1_414' title='bbox 791 3963 825 4011; x_wconf 89' lang='lat' dir='ltr'>ad</span> <span class='ocrx_word' id='word_1_415' title='bbox 844 3963 933 4012; x_wconf 86' lang='lat' dir='ltr'>villam</span> <span class='ocrx_word' id='word_1_416' title='bbox 960 3963 1059 4026; x_wconf 87' lang='lat' dir='ltr'>regiam</span> <span class='ocrx_word' id='word_1_417' title='bbox 1080 3978 1147 4027; x_wconf 88' lang='lat' dir='ltr'>quae</span> <span class='ocrx_word' id='word_1_418' title='bbox 1168 3962 1264 4013; x_wconf 90' lang='lat' dir='ltr'>dicitur</span> <span class='ocrx_word' id='word_1_419' title='bbox 1283 3961 1344 4012; x_wconf 79' lang='lat' dir='ltr'>Sala</span> <span class='ocrx_word' id='word_1_420' title='bbox 1363 3961 1445 4013; x_wconf 86' lang='lat' dir='ltr'>venit.</span> 
     </span>
     <span class='ocr_line' id='line_1_49' title="bbox 341 4032 1495 4099; baseline -0.003 -15"><span class='ocrx_word' id='word_1_421' title='bbox 341 4035 489 4099; x_wconf 86' lang='lat' dir='ltr'>Imperator</span> <span class='ocrx_word' id='word_1_422' title='bbox 517 4041 605 4083; x_wconf 87' lang='lat' dir='ltr'>autem</span> <span class='ocrx_word' id='word_1_423' title='bbox 634 4036 719 4098; x_wconf 87' lang='lat' dir='ltr'>pergit</span> <span class='ocrx_word' id='word_1_424' title='bbox 747 4036 773 4082; x_wconf 92' lang='lat' dir='ltr'>in</span> <span class='ocrx_word' id='word_1_425' title='bbox 799 4035 1045 4086; x_wconf 86' lang='lat' dir='ltr'>Baioariam.1bi</span> <span class='ocrx_word' id='word_1_426' title='bbox 1071 4036 1144 4084; x_wconf 89' lang='lat' dir='ltr'>venit</span> <span class='ocrx_word' id='word_1_427' title='bbox 1168 4032 1267 4098; x_wconf 76' lang='lat' dir='ltr'>legatio</span> <span class='ocrx_word' id='word_1_428' title='bbox 1292 4034 1446 4093; x_wconf 85' lang='lat' dir='ltr'>Avarorum,</span> <span class='ocrx_word' id='word_1_429' title='bbox 1493 4070 1495 4077; x_wconf 57' lang='grc'>.</span> 
     </span>
     <span class='ocr_line' id='line_1_50' title="bbox 341 4104 1367 4171; baseline -0.001 -15"><span class='ocrx_word' id='word_1_430' title='bbox 341 4122 445 4157; x_wconf 93' lang='lat' dir='ltr'>omnem</span> <span class='ocrx_word' id='word_1_431' title='bbox 465 4114 560 4157; x_wconf 89' lang='lat' dir='ltr'>terram</span> <span class='ocrx_word' id='word_1_432' title='bbox 579 4108 683 4171; x_wconf 89' lang='lat' dir='ltr'>imperii</span> <span class='ocrx_word' id='word_1_433' title='bbox 702 4108 742 4156; x_wconf 88' lang='lat' dir='ltr'>sui</span> <span class='ocrx_word' id='word_1_434' title='bbox 761 4107 809 4155; x_wconf 88' lang='lat' dir='ltr'>sub</span> <span class='ocrx_word' id='word_1_435' title='bbox 831 4107 930 4156; x_wconf 87' lang='lat' dir='ltr'>ditione</span> <span class='ocrx_word' id='word_1_436' title='bbox 948 4109 1112 4170; x_wconf 85' lang='lat' dir='ltr'>imperatoris</span> <span class='ocrx_word' id='word_1_437' title='bbox 1132 4106 1224 4156; x_wconf 88' lang='lat' dir='ltr'>Karoli</span> <span class='ocrx_word' id='word_1_438' title='bbox 1242 4104 1367 4156; x_wconf 89' lang='lat' dir='ltr'>subdunt.</span> 
     </span>
    </p>

    <p class='ocr_par' dir='ltr' id='par_1_27' title="bbox 435 4174 1445 4254">
     <span class='ocr_line' id='line_1_51' title="bbox 435 4174 1445 4254; baseline -0.002 -28"><span class='ocrx_word' id='word_1_439' title='bbox 435 4176 487 4242; x_wconf 83' lang='lat'>[35.</span> <span class='ocrx_word' id='word_1_440' title='bbox 490 4174 514 4245; x_wconf 70' lang='lat' dir='ltr'>b]</span> <span class='ocrx_word' id='word_1_441' title='bbox 553 4179 685 4229; x_wconf 82' lang='lat' dir='ltr'>Karalus</span> <span class='ocrx_word' id='word_1_442' title='bbox 678 4183 819 4243; x_wconf 79' lang='lat' dir='ltr'>imperator</span> <span class='ocrx_word' id='word_1_443' title='bbox 830 4180 946 4250; x_wconf 83' lang='lat' dir='ltr'>Saxones</span> <span class='ocrx_word' id='word_1_444' title='bbox 959 4178 1058 4241; x_wconf 85' lang='lat' dir='ltr'>absque</span> <span class='ocrx_word' id='word_1_445' title='bbox 1073 4179 1166 4254; x_wconf 80' lang='lat' dir='ltr'>bellos</span> <span class='ocrx_word' id='word_1_446' title='bbox 1176 4195 1288 4244; x_wconf 85' lang='lat' dir='ltr'>proprus</span> <span class='ocrx_word' id='word_1_447' title='bbox 1299 4174 1445 4226; x_wconf 84' lang='lat' dir='ltr'>finibnsex·</span> 
     </span>
    </p>
   </div>
   <div class='ocr_carea' id='block_1_4' title="bbox 430 4336 1149 4392">
    <p class='ocr_par' dir='ltr' id='par_1_28' title="bbox 430 4336 1149 4392">
     <span class='ocr_line' id='line_1_52' title="bbox 430 4336 1149 4392; baseline -0.006 -12"><span class='ocrx_word' id='word_1_448' title='bbox 430 4339 451 4391; x_wconf 86' lang='lat' dir='ltr'>a)</span> <span class='ocrx_word' id='word_1_449' title='bbox 469 4352 521 4392; x_wconf 74' lang='lat' dir='ltr'>ca,</span> <span class='ocrx_word' id='word_1_450' title='bbox 537 4344 566 4379; x_wconf 83' lang='lat' dir='ltr'>cet</span> <span class='ocrx_word' id='word_1_451' title='bbox 567 4341 609 4377; x_wconf 81' lang='lat' dir='ltr'>eris</span> <span class='ocrx_word' id='word_1_452' title='bbox 624 4339 717 4379; x_wconf 70' lang='lat' dir='ltr'>abactas,</span> <span class='ocrx_word' id='word_1_453' title='bbox 777 4337 800 4388; x_wconf 86' lang='lat' dir='ltr'>b)</span> <span class='ocrx_word' id='word_1_454' title='bbox 817 4341 871 4379; x_wconf 81' lang='lat' dir='ltr'>deest</span> <span class='ocrx_word' id='word_1_455' title='bbox 886 4351 903 4379; x_wconf 85' lang='lat' dir='ltr'>c.</span> <span class='ocrx_word' id='word_1_456' title='bbox 964 4336 985 4388; x_wconf 86' lang='lat' dir='ltr'>c)</span> <span class='ocrx_word' id='word_1_457' title='bbox 1002 4338 1149 4379; x_wconf 77' lang='lat' dir='ltr'>educante?</span> 
     </span>
    </p>
   </div>
   <div class='ocr_carea' id='block_1_5' title="bbox 0 57 1674 5150">
    <p class='ocr_par' dir='ltr' id='par_1_29' title="bbox 0 57 1674 5150">
     <span class='ocr_line' id='line_1_53' title="bbox 0 57 1674 5150; baseline 0 0"><span class='ocrx_word' id='word_1_458' title='bbox 0 57 1674 5150; x_wconf 95' lang='lat' dir='ltr'> </span> 
     </span>
    </p>
   </div>
  </div>
 </body>
</html>
