3340 5150
470 312 488 363 s

397 467 402 481 .
477 429 683 487 ursanus
703 415 1063 481 arnnnsnaurensns.
1313 430 1348 476 aa
1417 451 1421 457 -

223 599 391 683 ‚seriptum
417 606 478 678 est,
511 598 729 680 unusquisque
757 598 790 658 in
819 618 876 659 suo
909 592 1213 676 fine'cognoseitur.
1264 591 1347 656 Satis

235 703 359 767 quoque
376 690 423 752 est
437 691 593 765 apertum,
613 678 702 742 illum
717 678 833 742 habere
849 701 966 762 magna
987 677 1137 761 preconia
1151 676 1347 757 rneritorum,

233 787 306 834 cum
335 766 368 826 in
401 764 468 826 eius
502 762 591 826 obitu
619 772 684 826 tam
713 762 848 826 mirifica
881 765 1043 845 signorum
1076 770 1168 843 gesta
1200 759 1349 845 patefecit

184 861 191 875 ⁹
232 849 321 912 Deus
343 848 376 908 in
394 845 558 909 miraculo.
601 845 684 909 Illud
706 868 782 909 vero
806 866 1000 931 quamquam
1024 844 1063 905 sit
1086 843 1208 906 cunctis
1220 842 1354 907 ‘Christi

170 980 173 985 .
232 931 379 995 fidelibus
400 939 521 1010 notum,
543 950 619 1006 vera
641 930 682 994 ex
706 930 840 1018 erientia
867 928 1057 994 relationum
1086 936 1193 990 tamen
1216 927 1256 990 ob
1280 924 1347 990 eius

234 1013 410 1077 sanctitatis
440 954 736 1077 testimonium“iic
760 1014 939 1076 continetur
960 1011 1170 1095 inscriptum³
1262 1024 1265 1029 ‘
1339 1016 1343 1025 “

286 1164 287 1167 ¹
315 1097 353 1167 ln
380 1097 470 1161 errius
498 1095 604 1159 locum
633 1097 768 1165 dornnus
791 1097 997 1159 Tempsanus
1027 1095 1133 1176 regius
1166 1093 1349 1178 capellanus

165 1200 170 1209 ·
234 1180 397 1261 successit,
413 1180 452 1241 ad
466 1181 572 1261 omnia
584 1181 616 1241 in
629 1178 746 1245 diuinis
759 1188 790 1243 et
801 1177 947 1242 humanis
961 1177 1097 1241 feliciter
1107 1190 1346 1261 persa-enimus,

231 1286 252 1326 a
267 1262 414 1326 Bardone
437 1262 678 1347 metropolitano
694 1263 880 1346 Mogontiae
900 1263 948 1325 13.
962 1261 1038 1344 Kal,
1053 1258 1215 1344 Septemb.
1236 1260 1347 1323 Lares-

233 1346 316 1415 heim
345 1358 392 1410 est
418 1356 631 1413 consecratus
675 1345 997 1427 Lindolfuseomes‚¹
1016 1344 1182 1430 privignus
1211 1345 1346 1426 impera-

222 1431 329 1509 toris,
363 1431 391 1491 a.
421 1429 492 1492 Kal.
520 1429 597 1491 lllaii
628 1430 786 1506 inmatura
817 1437 922 1495 morte
937 1421 1059 1492 ‘obiit‘
1083 1427 1125 1489 Et
1154 1426 1220 1489 cius
1250 1427 1348 1508 frater

168 1514 171 1518 “
236 1510 927 1593 HerimannuS,Alamanniaedun,s11bita
951 1511 1136 1574 infirmitate
1164 1518 1345 1594 preventus

209 1597 326 1678 ‘bonis
351 1595 516 1683 [flebilisl]
551 1598 696 1661 omnibus
726 1599 793 1659 16.c
821 1594 893 1659 Kal.
924 1594 996 1659 Iulii
1025 1593 1196 1656 denotarit.

319 1678 440 1752 Nobilis
456 1681 550 1743 etiarn
571 1691 680 1744 nostra
701 1682 811 1764 regina
827 1679 976 1744 Gemino
995 1679 1044 1740 15.
1059 1675 1130 1740 Kal.
1147 1677 1284 1761 Augusti
1306 1698 1347 1740 ex
1357 1707 1373 1746 f,
1386 1704 1430 1747 se,

236 1762 426 1826 boemundo
439 1763 597 1846 migravit.
621 1763 719 1827 Cuius
734 1760 1152 1847 intempestativus'obitusd
1168 1777 1263 1844 quam
1279 1759 1348 1844 plu-

235 1847 503 1931 rimoscuiusque
519 1846 637 1910 ordinis
659 1869 719 1930 per·
732 1846 936 1910 christianum
953 1846 1121 1928 imperium
1143 1844 1349 1906 contristavit.

167 2009 169 2017 Ι
237 1929 421 2013 Sigifrithus
444 1939 572 2028 praetor
593 1929 760 2016 palatinus,
783 1929 879 1993 frater
892 1928 1050 1990 Brunonis
1066 1928 1207 2011 episcopi
1226 1925 1349 1989 Mindo-

192 2090 196 2099 Ι
237 2014 352 2093 nensis,
376 2014 404 2093 7,
427 2013 499 2076 ltal.
521 2012 752 2079 Mai,'morit·u1·
774 2023 805 2077 et
826 2013 859 2074 in
881 2010 1095 2075 Wirnilaburlr
1108 2021 1142 2055 ⁰·¹
1167 2007 1348 2072 tumulatur.

319 2097 388 2159 lue.
413 2097 556 2175 7,,1039.
601 2095 785 2180 Imperator
800 2095 937 2160 natalem
959 2094 1089 2158 Domini
1114 2091 1257 2156 Goslare·
1276 2114 1349 2154 eum
1388 2111 1391 2116 ·
1478 2164 1482 2169 ,

235 2180 492 2254 reverentissima
527 2180 710 2264 principum
744 2181 792 2242 sui
825 2176 1096 2263 congratulatione
1130 2175 1350 2239 decentissime

235 2260 432 2346 tripudiant,
455 2261 511 2324 ubi
533 2271 564 2326 et
586 2262 706 2346 legatos
729 2260 1154 2327 cunctarumadiacentium
1182 2260 1350 2342 regionum
1421 2254 1424 2259 ’

189 2419 191 2423 .
237 2367 309 2408 eum
338 2345 452 2409 debitis
482 2346 685 2430 vectigalium
714 2344 976 2432 professionibus·
994 2345 1027 2406 in
1049 2355 1250 2415 aueruentum
1272 2364 1349 2406 suae

234 2430 488 2512 magnificentiae
512 2431 668 2515 suscepit,
699 2452 858 2516 quosque,
887 2439 922 2492 ut
950 2427 1145 2512 imperialem
1167 2427 1351 2490 munificen-
1430 2430 1433 2435 ‘

235 2514 313 2576 tiam
329 2513 470 2592 decebat,
487 2520 551 2596 tain
567 2517 627 2592 sui,
650 2535 748 2598 quam
764 2513 926 2598 optabant,
949 2512 1062 2594 gratia,
1085 2533 1180 2596 quarn
1197 2522 1228 2573 et
1242 2524 1349 2572 rerum
1418 2519 1420 2523 '
1437 2575 1449 2590 Ι,

217 2594 451 2678 ¹habundantia
465 2595 600 2660 donatos
620 2596 755 2682 pacifice
776 2597 906 2661 remisit.
942 2596 993 2679 Ibi
1009 2596 1103 2657 etiarn
1127 2594 1208 2657 inter
1230 2592 1353 2655 ceteras
1373 2671 1375 2674 Α

235 2680 445 2744 institutionis
464 2702 539 2743 suae
562 2681 689 2745 decreta
703 2679 882 2744 Alberadac
905 2679 1084 2742 abbatissae
1108 2676 1146 2740 de
1168 2674 1350 2740 Molinbach

234 2762 397 2826 abbatiam
420 2763 714 2849 tl³0nge1·esth01·ph
735 2765 834 2829 invito
857 2762 999 2826 Brunoni
1021 2762 1129 2845 episeo
1142 2782 1174 2823 ro
1196 2761 1350 2844 resignari

236 2848 389 2930 precepit.
434 2848 539 2925 Quam
554 2857 661 2910 tamen
675 2847 759 2910 idem
776 2849 944 2932 episcopus
966 2855 1039 2931 post
1061 2785 1179 2929 pasclta
1190 2842 1240 2906 vel
1256 2864 1348 2926 spon-

207 2965 211 2971 ·
236 2940 362 2993 taneam
384 2928 436 2991 vel
458 2930 590 3000 invitam
612 2931 652 2994 ab
675 2931 785 2995 eadem
808 2931 962 3014 dignitate
988 2929 1047 2992 sub
1070 2927 1348 2991 abrenuntiacione

228 3010 363 3098 spublica
384 3012 535 3076 desistere
555 3013 642 3076 fecit·
901 3086 904 3090 ¹
1184 3060 1186 3063 -

320 3095 578 3160 Purifie'ationem
608 3105 734 3160 sanetae
765 3097 886 3160 Mariae
914 3098 1087 3180 imperator
1107 3091 1244 3156 Altstedi
1274 3077 1454 3179 egitfp'jbssjq

228 3181 348 3266 sicque
367 3178 593 3278 compendioso
614 3180 726 3245 itinere
748 3191 916 3264 peragrata
938 3176 1103 3262 origentali
1119 3177 1275 3257 Sanciae,
1303 3175 1350 3240 re-

185 3264 190 3270 ’
234 3262 359 3349 busque
380 3263 564 3348 pacificatis,
587 3262 725 3327 Nuvima
750 3285 791 3326 on
811 3263 960 3344 tetendit3
988 3263 1097 3347 ibique
1125 3270 1250 3344 tempus
1274 3281 1349 3344 qua-

236 3345 413 3430 dragesime
435 3357 467 3410 et
486 3359 632 3411 sanctum
654 3286 782 3431 pascite·
795 3344 826 3412 et
847 3348 1064 3410 ascensionem
1086 3344 1228 3422 Domini,
1251 3342 1348 3427 poda·
1357 3329 1459 3428 3212?

215 3440 314 3575 ¹q'rass
336 3428 520 3508 laborando,
543 3430 694 3494 consedit.
738 3431 816 3494 Inde
838 3431 880 3494 ad
896 3428 1120 3493 celebrandum
1142 3425 1347 3511 pentecosten
1373 3480 1375 3482 ,

265 3513 417 3577 reiectum
439 3514 536 3594 venit,
564 3524 595 3577 et
620 3513 666 3578 ibi
711 3515 818 3579 uidem
839 3516 872 3577 in
894 3536 1019 3577 summa
1047 3511 1174 3575 laeticia
1203 3516 1439 3569 sanetumruns.

234 3596 328 3678 diem,
351 3595 472 3659 scilicet
494 3598 525 3658 in
547 3596 663 3680 regalis
686 3537 873 3662 diadematis
896 3597 1010 3661 decore
1033 3589 1246 3679 procedendO,
1276 3610 1347 3733 pcr-

234 3682 308 3765 egit.
353 3679 417 3744 Sed
439 3681 584 3764 sequenti
607 3681 675 3762 die,
707 3681 785 3744 feria
807 3682 840 3761 2,
868 3679 1036 3744 hora'diei
1058 3679 1087 3753 6,
1114 3675 1142 3736 2.
1165 3670 1246 3733 Non.
1294 3677 1438 3737 unauna

234 3784 342 3838 mense
362 3761 525 3827 reficiendi
546 3766 650 3846 gratia
670 3765 822 3844 assidens,
846 3763 951 3826 subita
965 3759 1148 3823 defeccione
1170 3763 1345 3837 prereptus,

234 3845 367 3917 vixdum
397 3845 602 3907 confessionis
629 3850 784 3910 sententia
815 3844 951 3928 prolata,
984 3838 1130 3903 flebiliter
1162 3838 1346 3920 exsqriravit.
1426 3890 1429 3895 Δ

214 4024 217 4029 ,
282 4015 287 4033 l
324 3998 346 4047 a)
363 4002 457 4047 quatuor
472 3995 540 4035 lineae
555 4008 649 4045 vacttae,·
665 3998 774 4035 roncalia
790 3997 860 4033 littera
874 3995 943 4043 perfia
960 4004 977 4033 e.
1031 3992 1054 4042 b)
1071 3992 1094 4029 in
1110 4003 1178 4040 mara.
1195 3991 1266 4029 eadem
1281 4001 1349 4030 manu

198 4059 306 4108 ‘suppl
322 4070 340 4101 e,
402 4056 422 4108 c)
438 4056 498 4107 Vix:
515 4066 532 4095 c.
593 4054 616 4104 d)
633 4046 694 4094 obtit‘
705 4067 722 4094 c.
790 4054 811 4103 c)
828 4053 961 4094 Vuinaburlr
977 4062 1034 4091 corr.
1051 4055 1074 4099 et
1089 4050 1172 4099 uidetur
1188 4050 1349 4094 Vuimilaburh

225 4114 278 4167 ·)vel
292 4116 452 4159 wimilabure
460 4113 478 4167 t)
494 4125 511 4156 c.
572 4112 591 4163 f)
608 4123 628 4152 c.
643 4124 698 4153 suae
714 4114 729 4153 i.
746 4124 765 4152 s.
782 4113 803 4151 d.
820 4123 837 4153 c,
900 4108 923 4159 g)
937 4110 1040 4159 podragc
1055 4120 1072 4149 e.

310 4232 338 4300 1)
366 4231 474 4283 Videtur
484 4246 536 4283 esse
552 4225 738 4294 llimrnelbarp,
748 4242 833 4293 prope
843 4221 973 4287 Baloion,
987 4222 1048 4283 olim
1059 4222 1215 4284 coenobium,
1230 4240 1256 4274 c.
1269 4221 1349 4272 1525.

236 4305 362 4360 dirutum.
400 4307 432 4360 P.
