3340 5150
312 408 315 416 '
338 406 372 456 36
625 408 789 458 ANNALES
809 402 1169 459 flltnusrrnlussxsns

337 575 508 659 episcopus
538 583 569 636 ct
590 571 689 636 Aribo
717 573 978 658 metropolitanus
1001 563 1292 657 Mogontiacinter'·
1320 599 1353 641 se
1374 578 1464 641 invi:

337 678 407 722 cem
429 679 526 741 super
548 650 750 720 Gandeshem
773 657 987 720 reconciliati*¹
1010 648 1098 721 sunt]
1136 657 1218 723 Nam
1248 659 1316 744 ipse
1337 671 1450 725 metro—

285 754 287 757 ’
336 740 495 826 politanus
518 749 641 825 patrem
656 738 907 815 (lodehardumb
923 738 1043 803 secreto
1060 743 1216 821 convenit,
1240 764 1338 827 seque
1353 766 1450 827 super

335 824 454 902 eadem,
470 821 779 907 parroclriacrrasse
802 824 982 887 confitendo
997 825 1165 905 nuntiavit,
1188 836 1221 888 et
1242 847 1366 889 omnem
1390 828 1448 890 fra-
1526 830 1530 837 '

335 917 457 985 ternam
487 906 750 987 satisfactionem,
785 907 840 971 sed
870 916 900 971 et
927 906 966 969 de
995 909 1146 991 preterita
1173 901 1238 971 lite‘
1258 920 1446 992 perpetuam

335 990 581 1053 taciturnitatem
612 991 670 1053 sub
700 1012 776 1053 vero
800 992 917 1053 Ota-isti
931 980 976 1053 'et
997 989 1148 1054 ecclcsiae
1176 990 1356 1055 testimonio
1376 1016 1448 1077 pro-

336 1074 436 1155 rnisit3
459 1072 521 1135 sibi
542 1070 972 1157 pr101·a.e1·rata'perDeam
993 1073 1118 1154 remitti,
1142 1073 1329 1158 suppliciter
1349 1076 1449 1159 petiit.

335 1156 424 1221 Istud
446 1178 521 1240 ergo
545 1157 597 1219 hic
619 1156 692 1219 ideo
714 1159 870 1220 veraciter
891 1156 1091 1237 inscribitur,
1120 1158 1204 1243 quia,
1227 1157 1448 1240 ipse-domino

237 1263 245 1267 ·
326 1238 547 1303 Godehardel
571 1241 681 1325 sepius
703 1241 788 1303 idem
806 1242 837 1302 in
854 1262 911 1302 suo
927 1240 1071 1316 sermone
1093 1240 1448 1325 publice'protestantc,
1508 1313 1512 1319 ,

329 1345 445 1385 verum
469 1344 538 1386 esse
554 1323 789 1409 comprobatur.
824 1324 1007 1387 Unewanus
1021 1322 1328 1407 Hauunaburgensis
1350 1325 1450 1387 archi-

262 1407 506 1490 riaeriscopus
529 1405 624 1489 obiit,
647 1408 697 1469 eui
721 1429 796 1469 suus
818 1409 997 1491 prepositus
1012 1405 1143 1469 Liobize
1166 1408 1326 1470 successit.
1369 1407 1448 1489 Aec—
1501 1488 1505 1493 ἢ
1575 1438 1584 1451 ·

285 1557 287 1560 ,
337 1491 467 1552 oesiam
501 1491 597 1552 etiam
633 1489 797 1574 pulchram
830 1491 862 1551 in
895 1489 1096 1552 Holtlmuon¹
1133 1492 1165 1551 in
1197 1490 1316 1552 honore
1348 1493 1449 1554 sancti

274 1606 277 1611 ·
335 1572 501 1636 Benedicti
523 1573 656 1650 abbatis,
678 1573 885 1635 monachicae
905 1573 1133 1635 conversationi
1148 1583 1273 1656 aptam,
1296 1573 1447 1637 fundavit.

241 1723 249 1734 ‚
420 1650 490 1719 indi
515 1657 572 1737 14,
599 1657 688 1719 1031.
733 1656 921 1719 Cuonradus
951 1659 1123 1740 imperator
1150 1653 1287 1719 natalem
1318 1657 1448 1719 Domini

208 1755 265 1806 opr.
283 1758 317 1800 11.
335 1739 598 1802 Patherbmnnen
628 1750 659 1802 et
689 1740 807 1821 pascha
830 1740 1010 1821 Nurimago
1038 1736 1172 1803 feriavit.
1216 1739 1346 1801 Eodem
1365 1762 1447 1803 anno

335 1823 536 1909 imperatoris
560 1822 643 1884 filius
666 1821 860 1885 Hoinriehus
884 1839 950 1902 rex,
973 1823 1094 1906 etipse
1117 1823 1184 1886 dux
1207 1823 1387 1903 Baioariae,
1417 1834 1470 1901 et,

335 1903 516 1988 Stephanus
538 1928 596 1970 rex
617 1905 669 1968 Un
694 1907 797 1968 aricus
828 1926 898 1968 eum
927 1906 1106 1967 iuramento
1135 1907 1272 1968 invicem
1305 1907 1448 1970 firmave-
1509 1941 1519 1961 ι

333 1998 407 2051 runt
428 2010 551 2073 paoem.
595 1986 638 2051 Et
659 1929 841 2069 lleinricus,
873 1988 1025 2072 Stephani
1048 1990 1130 2072 regis
1152 1988 1253 2067 fitius,
1284 1988 1351 2051 dux
1372 1990 1447 2051 ltui‘-

332 2092 459 2152 uerum,
487 2073 520 2134 in
542 2073 714 2147 venatione,
732 2071 772 2135 ab
795 2095 872 2158 apro
895 2072 1055 2153 discissae,
1084 2074 1179 2155 periit
1200 2069 1345 2151 flebiliter
1365 2095 1445 2135 mor-

333 2165 418 2219 tuus,
480 2156 659 2240 Imperator
691 2177 764 2217 cum
801 2177 900 2239 parre
935 2154 1098 2223 Saxonum
1137 2156 1280 2219 exercitu
1313 2152 1445 2225 S'claros

334 2237 511 2301 autumnali
534 2248 677 2322 tempore
699 2240 815 2301 invasit
836 2239 1125 2322 ethlysachonem,
1148 2239 1203 2302 diu
1219 2240 1279 2302 sihi
1301 2240 1445 2318 resistcn-
1506 2306 1509 2311 Δ

332 2330 408 2400 tem,
437 2323 601 2406 regionem
624 2321 731 2384 Lusizi
758 2343 830 2383 cum
854 2321 992 2406 aliquotc
1014 2322 1146 2385 urbibus
1169 2334 1200 2385 et
1221 2321 1333 2406 preda,
1364 2345 1445 2406 quae

330 2402 610 2488 prioribusanuis
641 2406 672 2466 in
704 2404 845 2467 Saxonis
872 2405 955 2473 facta
983 2407 1241 2483 est,'1·estituere
1268 2425 1444 2491 pacemque
1486 2465 1490 2471 ,
1525 2420 1528 2428 ’

330 2490 509 2551 iuramento
532 2487 658 2551 sinuare
681 2489 794 2571 coegit.
840 2489 903 2566 Qui
919 2488 1072 2570 lllysecho
1094 2500 1166 2571 post
1181 2490 1298 2551 mensis
1321 2500 1442 2554 tantum

292 2571 299 2583 '
328 2572 468 2655 spatium
490 2595 510 2635 a
530 2572 626 2634 tratre
646 2593 703 2634 suo
719 2570 908 2636 Bczbricnro
930 2570 1035 2633 subita
1056 2573 1219 2635 invasione
1240 2572 1445 2655 proturbatus

331 2662 426 2726 etad
441 2641 628 2727 (ddalricum
650 2664 685 2725 in
698 2662 831 2747 Beheim
852 2662 961 2745 lugere
984 2672 1032 2725 est
1046 2662 1228 2746 conpulsus.
1257 2663 1337 2730 ,Sed
1360 2665 1443 2727 idem

234 2812 240 2820 ,
329 2745 500 2822 Bezbrimo
522 2746 707 2830 imperatori
729 2767 879 2809 coronam
901 2768 974 2808 cum
997 2746 1065 2809 aliis
1087 2746 1362 2831 regalibus,'quae
1384 2749 1444 2810 sihi

328 2829 426 2892 frater
454 2832 522 2893 eius
544 2831 659 2893 iniuste
675 2840 909 2917 usurpaverat,
938 2831 1110 2892 transmisit
1137 2852 1176 2892 ac
1202 2840 1303 2893 semet
1334 2829 1445 2893 humili

248 2992 252 2997 ι
329 2912 532 2978 mandamine
553 2935 611 2998 per
631 2911 752 2995 legatos
768 2934 841 2975 suos
862 2914 1045 2997 imperatori
1063 2913 1264 2977 subditurum
1287 2916 1442 2998 promisit.

253 2999 321 3062 see.
414 2995 563 3060 Arnolfus
595 3007 686 3080 pater
717 2997 900 3059 monasterii
932 2996 1172 3078 Herveldensis,
1206 2998 1385 3082 precipuus
1410 2999 1443 3060 in
1487 3050 1493 3055 .
1582 2998 1586 2999 ⁷

328 3079 444 3145 divinis
467 3090 498 3143 et
519 3078 665 3142 humanis
687 3079 794 3160 rebus,
821 3080 1020 3164 quorundam
1040 3081 1173 3145 fratrum
1196 3080 1317 3147 coloci
1340 3083 1447 3151 cuius<

328 3162 402 3225 dam
435 3164 574 3227 criminis
608 3162 787 3226 obiectione
827 3173 1011 3244 accusatus,
1051 3163 1273 3229 miserabiliter
1311 3164 1461 3251 proppio¹

164 3252 168 3257 ’
239 3272 242 3273 ’
327 3245 446 3310 honore
475 3257 522 3309 est
549 3247 703 3332 privatus
746 3247 784 3308 ln
815 3247 906 3309 cuius
927 3246 999 3310 loci*
1018 3248 1269 3311 vicissitudinem
1291 3249 1442 3332 subroga-

327 3337 378 3391 tur
399 3330 543 3410 Baium,⁸
561 3340 747 3413 procurator
776 3330 922 3392 coenobii
952 3330 1204 3412 Wirduncnsis²,
1238 3333 1441 3415 suggestione

299 3446 302 3451 ·
328 3411 448 3476 Grsnnr
486 3415 530 3475 im
541 3414 731 3476 serenioris(
759 3412 874 3475 Eidem
905 3435 982 3476 vero
1016 3415 1156 3477 Bardeni
1189 3416 1344 3480 successit
1377 3416 1440 3479 Gn-

327 3518 450 3560 nonnus
477 3435 645 3558 Fuldensis
674 3495 858 3561 monachus.
910 3497 1083 3581 Wiggerus
1115 3497 1287 3562 Vardensis
1318 3501 1439 3583 ,episco-

257 3592 285 3605 ·'
326 3600 387 3662 pus
420 3577 527 3663 obtin
544 3590 616 3664 post
649 3600 743 3676 quem
775 3579 977 3644 Thietmarus
1007 3581 1145 3647 intravit.
1199 3581 1324 3656 Eodem
1357 3604 1439 3647 anno

323 3662 398 3744 >piae
428 3672 465 3726 et'
490 3661 679 3726 venerabilis
708 3664 879 3728 memoriae
911 3663 1016 3727 Aureo
1040 3665 1307 3746 Mogontiacensis
1339 3666 1441 3730 archi·

195 3820 197 3827 Ι
327 3746 497 3832 episcopus
520 3766 617 3809 eausa
639 3747 789 3810 orationis
811 3747 946 3811 Romam
968 3747 1061 3827 adiit3
1089 3746 1226 3832 indeque
1249 3748 1440 3831 digrediens,

286 3908 288 3911 Ι
327 3828 488 3894 Cumis-8.
510 3829 559 3894 Id.
582 3828 702 3913 Aprih,
729 3830 784 3893 ahl
808 3829 862 3893 ah!
893 3854 934 3894 ex
956 3832 1016 3894 hac
1038 3831 1105 3893 vita
1133 3832 1291 3915 migravit.
1337 3831 1438 3898 Ouius
1481 3850 1485 3855 ’

256 3969 259 3976 ,
288 3930 291 3937 ’
326 3912 453 3977 honoris
485 3914 704 3999 principatum
734 3915 871 3997 optinuit
902 3913 1026 3992 Bardo,
1050 3923 1134 3995 tune
1166 3937 1268 3999 nuper
1298 3916 1439 3999 prelatus

325 3993 427 4060 abbas
449 3996 649 4066 Herdeldensi
677 4000 878 4061 monasterio.
922 3997 988 4062 Sed
1014 3996 1088 4059 huie
1118 4019 1243 4085 queque
1272 4020 1348 4062 mox
1371 4022 1441 4064 suc·

415 4159 438 4209 a)
455 4160 593 4200 reconttliati
608 4171 626 4199 ι.
686 4157 710 4209 b)
727 4158 755 4200 G.
770 4171 787 4199 e.
848 4159 868 4211 e)
885 4154 980 4210 aliquod
996 4169 1052 4199 corr.
1070 4160 1158 4209 aliquot
1173 4172 1190 4201 c.

417 4257 445 4344 1)
468 4279 609 4333 Osterhola.
684 4282 714 4343 2)
739 4279 857 4358 lt'erdea.
1041 4300 1045 4305 ’
1448 4248 1468 4281 ⁸
