3340 5150
542 583 704 634 suntuna
723 578 1091 640 HILDE'SHEIMENSES·
1328 595 1361 644 13

214 755 380 823 sequitur.
418 754 577 804 Revertente
592 752 687 803 Oarolo
704 768 769 819 rega
789 770 806 804 a
817 756 911 818 Roma,
930 748 1099 837 Langobardi
1118 761 1281 812 obsidionem
1301 779 1360 829 per-

250 827 328 887 tesi,
334 826 440 875 civitate
462 841 521 875 cum
534 824 673 875 Desiderio
692 840 756 890 rege
771 827 941 890 egrediuntur
959 820 1024 878 ad
1012 846 1111 916 regem.
1149 832 1206 882 Rex
1221 849 1284 885 vero
1304 836 1360 885 alia

251 896 297 946 die
319 911 379 959 curu
398 897 501 961 hymnis
520 902 547 946 et
565 896 689 947 laudibus
707 898 874 961 ingrediens,
887 901 1025 952 thesauros
1044 904 1131 966 regios
1150 904 1250 955 ibidem
1269 921 1373 971 reper-

247 973 293 1020 tos
314 954 388 1018 dedit
408 969 534 1019 exercitui
553 984 610 1029 suo,
636 978 663 1018 et
681 975 805 1020 cunctum
825 970 920 1021 Italiae
939 988 1049 1036 regnum
1068 974 1188 1040 adeptus,
1211 976 1359 1040 regreditur
1433 986 1435 993 '

248 1041 279 1090 in
291 1041 443 1102 Franciam
462 1036 631 1091 adducens
614 1055 704 1091 secum
718 1040 886 1097 Desiderusm
907 1050 934 1094 et
948 1047 1086 1109 coniugem
1098 1048 1156 1096 elus
1170 1062 1202 1113 ac
1220 1048 1357 1100 familiam.

247 1111 402 1178 Adalgisus‚
422 1110 492 1161 filius
512 1113 577 1174 eius,
595 1110 659 1176 luga
676 1111 775 1177 lapsus,
794 1129 841 1178 per
859 1130 931 1165 mare
952 1105 1205 1182 Constantinopolim
1225 1121 1306 1170 venit.

342 1182 368 1235 8.
406 1183 519 1234 Karalus
543 1182 676 1233 abitalia
699 1184 868 1248 regrediens,
896 1186 1088 1238 dedicationem
1115 1184 1260 1241 ecclesiae
1271 1194 1381 1242 san-ctis
1391 1197 1432 1238 2³¹.

248 1255 358 1305 Nazarii
377 1259 405 1304 et
423 1254 620 1305 translationem
641 1256 756 1320 eorporis
774 1258 858 1321 ipsine
877 1259 905 1306 in
924 1260 1089 1309 monasterio·
1101 1260 1265 1311 Lauresham
1285 1263 1355 1314 cele·
1418 1258 1420 1263 ’

248 1327 311 1377 brat
329 1341 398 1376 anno
422 1328 611 1376 incarnationis
635 1325 785 1377 dominicae
806 1329 866 1390 774,
885 1328 929 1378 die
947 1330 1009 1380 Kal.
1023 1332 1196 1395 Septembris.
1237 1333 1356 1396 carolus,

248 1397 399 1450 saxonibus
411 1400 532 1460 vastatis,
544 1398 717 1462 Heresburg¹
734 1397 845 1449 castella
860 1402 939 1466 capit,
954 1403 1107 1453 custodibus
1120 1403 1218 1453 ibidem
1233 1403 1357 1467 dimissis,

178 1478 181 1483 ’
247 1471 391 1521 revertitur
409 1471 437 1519 in
457 1470 601 1521 l'rantiam.

341 1542 367 1592 9.
401 1541 518 1593 Karolus
531 1543 557 1590 in
570 1540 649 1591 ltalia
661 1542 863 1606 Hruotgaudnm
877 1543 1036 1594 tirannidem
1049 1546 1200 1597 molientem
1219 1549 1354 1599 interimit.
1366 1574 1372 1585 ·

342 1613 384 1678 10,
422 1613 540 1673 Sasones
565 1619 625 1677 post
651 1612 747 1662 multas
768 1613 864 1664 caedes
890 1621 918 1665 et
936 1618 1010 1665 varia
1029 1616 1100 1667 bella
1118 1618 1219 1681 afflicti,
1238 1635 1289 1669 non
1308 1636 1354 1669 va·
1376 1636 1380 1641 ·

247 1684 335 1735 lentes
354 1686 486 1746 resistere,⁴
505 1683 611 1733 tandem
632 1684 768 1734 christiani
787 1686 882 1750 effecti,
902 1688 1063 1737 Francorum
1083 1688 1182 1739 dicioni
1201 1690 1353 1743 subduntur.

341 1757 384 1805 11.
421 1755 534 1806 Karolus
553 1760 645 1805 contra
656 1756 805 1813 Saracenos
818 1756 1009 1822 Pampa'lonam
1028 1762 1161 1811 civitatem
1182 1755 1262 1826 capit
1278 1762 1354 1813 'nbi-

247 1834 339 1878 tanrus
358 1828 549 1878 Saracenorum
575 1842 621 1876 rex
648 1827 724 1877 dedit
742 1827 848 1878 obsides
874 1831 980 1881 fratrem
1006 1847 1080 1881 suum
1102 1838 1128 1883 et
1152 1832 1242 1895 filium,
1267 1835 1355 1885 reddit

249 1901 379 1961 civitates,
398 1915 464 1965 quas
482 1898 600 1948 tenebat.
637 1898 704 1948 Inde
723 1899 899 1963 proficiscitur
918 1903 952 1952 ad
972 1901 1217 1968 Caesaraugustam,
1243 1905 1354 2002 adducit
1408 1960 1411 1964 Α

248 1979 339 2027 aecum
358 1970 498 2021 Ibiiularbi
516 1985 606 2034 regem
626 1969 826 2021 Saracenorum.
902 2008 916 2025 ,

198 2036 202 2043 ’
339 2043 382 2091 12.
421 2042 624 2105 Withnchingus
649 2041 718 2092 Saxo
749 2042 881 2093 tirannide
906 2043 1019 2094 molitur.
1069 2044 1187 2096 Saxones
1212 2049 1352 2098 rebellioni

247 2115 380 2176 insistunt,
399 2118 503 2177 strages
529 2118 556 2162 et
573 2111 729 2162 incendia
721 2130 748 2162 ιιι
767 2115 902 2164 Frentiam
920 2131 1004 2180 usqne
1030 2117 1058 2165 in
1077 2117 1194 2167 Hrenum
1214 2129 1353 2183 peragunt.

221 2198 225 2203 ’
247 2185 359 2237 Carolus
386 2202 418 2236 er
441 2187 535 2235 itinere
560 2184 737 2249 Hispanorum
762 2185 929 2249 regrediens,
958 2190 1101 2237 exercitum
1130 2189 1235 2239 obviarn
1264 2194 1351 2254 mittit,

249 2257 396 2308 Saxones
387 2274 416 2307 ru
433 2258 523 2321 fugam
543 2257 631 2306 vertit

339 2329 384 2377 13.
420 2328 533 2378 Karolas
559 2328 677 2381 Saxones
703 2329 827 2393 opprimit
852 2335 879 2377 et
903 2328 1072 2380 adversantes
1098 2332 1149 2381 sibi
1175 2333 1228 2382 Dei
1253 2335 1350 2384 auxilio

248 2416 279 2452 su
299 2405 362 2453 erat

279 2417 296 2467 p
339 2472 381 2522 14.
420 2470 535 2520 Karolus
560 2470 671 2520 Romam
701 2468 786 2521 denuo
815 2471 916 2533 adiens,
945 2471 1076 2524 Adrianus
1104 2489 1174 2539 papa
1201 2477 1350 2541 Pippinum,
1395 2505 1398 2510 .

248 2542 331 2593 filium
344 2544 423 2607 regis,
444 2543 589 2607 baptizavit
608 2547 634 2591 et
652 2556 669 2590 a
681 2557 757 2591 sacro
776 2542 847 2592 sonte
867 2545 984 2609 suscepit
999 2552 1025 2594 et
1044 2560 1131 2608 regem
1151 2563 1230 2612 super
1246 2548 1350 2598 Italiam

247 2615 334 2677 unxit3
353 2615 474 2665 similiter
493 2619 520 2664 et
537 2612 731 2674 Hludowicum,
751 2614 856 2664 fratrem
876 2617 940 2677 eius,
960 2632 1039 2681 super
1056 2618 1234 2681 Aquitaniam.
1273 2619 1350 2669 cele·

247 2686 376 2751 brantque
396 2687 497 2751 pascha
514 2686 623 2735 Domini
643 2701 701 2735 oum
721 2701 819 2749 magna
837 2685 931 2750 gloria.
1255 2712 1257 2715 ·

339 2758 381 2811 lo.
418 2757 515 2806 Karlns
528 2772 573 2807 rex
586 2756 753 2806 Dassilonem
776 2757 871 2807 ducem
884 2757 918 2806 ad
936 2773 964 2808 se
978 2761 1118 2809 accersivit
1131 2761 1318 2812 Wormaciam.

338 2831 380 2880 16.
417 2828 520 2879 Tassilo
543 2829 671 2894 promittit
693 2827 772 2878 fidem
795 2845 899 2879 servare
919 2831 976 2893 regi
995 2845 1054 2879 cum
1073 2831 1250 2894 iureiurando,
1270 2844 1420 2898 quemme.

144 2919 147 2922 ⁴
246 2900 355 2952 dimittit
378 2916 425 2952 rex
443 2900 588 2950 honorifice
608 2906 635 2949 et
652 2901 764 2965 imperat
785 2902 836 2950 sibi
855 2902 962 2951 obsides
981 2903 1063 2962 mitti;
1084 2904 1153 2966 quod
1173 2904 1211 2954 ita
1230 2913 1256 2954 et
1274 2906 1348 2955 fecit.

338 2973 380 3022 17.
418 2972 622 3036 Withuchingus
647 2972 717 3021 Saxo
744 2979 804 3037 post
835 2972 943 3022 multam
975 2972 1131 3023 tirannidem
1159 2983 1296 3039 peractam
1321 2978 1348 3025 in

247 3050 332 3095 semet
348 3046 495 3105 revertitur,
515 3044 588 3094 veuit
606 3041 641 3092 ad
659 3058 757 3107 regem,
776 3043 863 3093 fidelis
883 3044 992 3094 effeetus
1011 3045 1194 3108 baptizatur.

177 3118 180 3123 ’
337 3116 379 3165 18.
416 3114 550 3183 Periclem
563 3121 666 3180 tempus
685 3114 768 3164 multa
787 3116 863 3179 signa
882 3121 1065 3181 apparuerunt,
1083 3117 1153 3165 inter
1172 3133 1224 3181 que
1244 3119 1351 3182 siguum

246 3188 331 3238 crucis
350 3188 377 3237 iu
396 3188 559 3238 vestimentis
582 3187 715 3239 hominum
738 3186 948 3251 frequentissime
973 3187 1109 3252 apparuit3
1136 3191 1245 3253 sanguis
1266 3194 1294 3237 et
1313 3182 1349 3236 eb

227 3274 229 3279 ’
244 3263 314 3310 terra
332 3275 365 3308 ac
384 3259 417 3309 de
437 3258 512 3308 caelo
532 3257 684 3324 perhibetur
702 3258 818 3309 fluxisse.
1403 3262 1406 3265 ’

337 3331 379 3381 19
416 3331 530 3380 Karolns
557 3330 667 3379 Romam
694 3328 850 3388 adveniens,
883 3330 1029 3391 Haragisus
1052 3331 1116 3396 ¹dux
1146 3332 1354 3381 Beneventanus

244 3402 350 3454 mittem
369 3401 452 3453 fllium
471 3417 545 3453 suum
564 3398 721 3451 Rumaldum
740 3401 797 3464 regi
813 3406 839 3449 et
858 3415 977 3460 munera,
1001 3403 1077 3451 utin
1103 3407 1203 3453 terrum
1225 3415 1301 3450 suam
1321 3414 1354 3448 ue

242 3473 360 3537 intraret,
380 3479 406 3524 et
424 3472 552 3539 quidquid
570 3475 712 3537 imperaret
729 3472 836 3521 faceret.
874 3470 950 3531 Quod
970 3473 1134 3536 apostolicus
1156 3475 1279 3533 audiens,
1304 3485 1355 3519 non

243 3544 365 3607 credidit,
381 3561 467 3610 neque
481 3545 586 3594 Franci.
624 3543 677 3593 Sed
695 3544 826 3608 persuasit
842 3557 932 3606 regem
951 3542 1086 3607 proficisci
1105 3548 1135 3595 in
1155 3554 1255 3597 terram
1270 3544 1356 3592 Bene·
1412 3606 1416 3611 ἱ

243 3617 324 3666 venti.
362 3618 509 3681 Haragisus
528 3614 679 3680 relinquens
698 3613 815 3678 Capuam
835 3615 1006 3676 civitatem,
997 3631 1026 3665 ιιι
1039 3617 1154 3668 Salerno
1176 3614 1356 3669 concluditur.

243 3687 327 3739 uiuit
343 3690 401 3752 regi
420 3703 528 3738 munera
547 3692 574 3737 st
586 3684 756 3746 (hunoldum,
775 3682 857 3733 filium
877 3701 962 3759 suum!
982 3693 1009 3739 et
1030 3689 1062 3737 12
1084 3689 1210 3751 obsides3
1232 3684 1357 3744 obtinuit,

242 3763 272 3811 ut
289 3764 360 3809 terra
378 3758 425 3809 illa
444 3776 495 3809 non
508 3762 662 3808 vastaretur.
699 3755 811 3805 Karalus
824 3756 935 3808 Romam
948 3774 1079 3822 remeans,
1099 3758 1254 3810 Tassilonis
1274 3756 1359 3819 legati

241 3830 377 3896 postulant
393 3830 545 3890 Adriannm
563 3835 593 3879 ut
607 3842 701 3893 pacem
720 3828 788 3876 inter
805 3826 881 3878 illum
901 3837 928 3881 at
946 3833 1036 3896 regern
1055 3833 1170 3884 taceret
1212 3827 1293 3886 Quod
1312 3841 1359 3875 rex

242 3899 355 3952 libenter
374 3904 473 3960 annuit,
492 3903 516 3951 si
533 3901 583 3950 hoc
601 3899 709 3983 faceret,
729 3897 800 3963 quod
812 3900 926 3967 Pippino
945 3904 1002 3967 regi
1022 3919 1082 3955 cum
1102 3903 1271 3961 iuramento,
1291 3898 1369 3963 patri·

242 3987 299 4035 sno,
317 3975 473 4039 promiserat
490 3976 518 4021 et
530 3971 642 4021 denuo
633 3969 684 4035 apsi
699 3976 725 4021 et
743 3968 805 4021 filiis
828 3968 877 4023 slrb
895 3973 1062 4025 iureiurando
1076 3974 1249 4025 firmaverat.
1282 3968 1360 4030 Quod
1390 3984 1393 3989 ·

241 4050 399 4095 rennuentes
419 4044 500 4107 legati
517 4040 670 4105 Tassilonis,
694 4041 827 4094 Adrianus
846 4062 916 4112 papa
942 4060 1001 4095 eum
1025 4048 1073 4096 sub
1095 4043 1285 4097 anathematis
1303 4043 1362 4090 vin·

189 4114 193 4121 ’
243 4114 303 4166 aulo
329 4115 497 4178 constringit,
526 4113 549 4162 si
574 4111 652 4164 aliter
674 4113 764 4165 lacere
790 4116 881 4168 vellet.
917 4115 1019 4166 Tassilo
1047 4115 1178 4183 promisit
1209 4118 1238 4165 et
1268 4117 1363 4179 postea

241 4184 336 4239 fefellit
354 4192 380 4235 et
399 4186 433 4235 ad
452 4200 540 4249 regem
560 4186 651 4237 venire
672 4190 841 4253 contempnit.

332 4256 386 4323 [20
395 4254 417 4322 e]
456 4255 569 4309 Karolus
587 4260 844 4325 pergitBsioariam,
863 4258 1026 4362 Tassilonam
1047 4276 1082 4315 ex
1103 4264 1181 4313 omni
1201 4240 1281 4327 parte
1302 4270 1361 4307 cum

328 4413 351 4465 a)
369 4418 392 4455 et
406 4384 524 4465 'sigiburg
530 4420 582 4462 add.
598 4420 665 4461 Lour.
726 4418 748 4469 b)
765 4417 851 4458 dente.
912 4416 934 4468 c)
949 4419 1036 4462 deceta
