3340 5150
528 535 692 589 sanstus
712 538 1065 613 Hltuusnsrsrsusss.
1314 545 1347 594 39
1441 592 1446 599 .

335 699 433 763 'Post
466 722 538 763 uem
548 700 665 781 Bruno,
680 696 775 768 frater
786 704 1081 785 Friderieieomitis,
1096 704 1370 790 Nienburgensist.
1381 686 1416 765 ⁴3·

74 766 76 779 ’
140 822 146 830 -
183 829 189 839 .
248 792 284 846 et
296 780 453 866 Maegethe
476 787 619 866 urgensis
630 777 741 866 abbas,
763 787 959 851 subintravit.
987 786 1101 850 Eidem
1116 808 1191 851 vero
1204 788 1346 855 Brunoni

251 864 285 926 in
306 864 469 950 Nienburg
490 865 671 949 Asswmrs,
702 870 736 932 in
767 869 983 954 philosophica
1007 878 1079 935 arte
1108 870 1346 955 eruditissimus,

187 1005 191 1009 .
249 946 429 1012 Herfeldiae
450 952 638 1034 prepositus,
667 953 722 1036 qui
742 952 802 1017 fuit
822 954 940 1018 ibidem
961 962 1052 1016 antea
1073 952 1176 1017 scolae
1197 955 1347 1039 magister

247 1029 492 1123 famosissimus,
514 1036 673 1097 suceessit.
716 1035 754 1098 In
775 1035 1012 1121 Maegetheburg
1037 1046 1142 1099 autem
1164 1036 1286 1102 sidaec·
1305 1038 1345 1103 de

247 1112 359 1181 eadem
381 1112 513 1178 ecelesia
526 1115 649 1180 electus
670 1117 878 1182 substituitur.
914 1118 1036 1182 Eodem
1056 1139 1138 1181 anno
1160 1117 1345 1185 Thiedrieus

171 1258 174 1265 ,
249 1218 354 1261 eomes
378 1197 573 1262 orientalium
595 1198 779 1264 amilitibus
798 1201 987 1286 AEggihardi
1009 1200 1197 1264 marchionis
1220 1204 1253 1265 in
1296 1226 1344 1268 ro-

271 1281 316 1341 rio
339 1279 485 1344 eubiculo
508 1281 779 1369 fictasalutatione
795 1282 1037 1364 eiromnventus,
1058 1285 1091 1346 in
1113 1283 1184 1347 dolo
1209 1286 1255 1349 13.
1304 1285 1343 1349 al.

246 1303 435 1427 Beeembris
456 1365 620 1428 occiditur.
663 1364 959 1451 Cuiusvdignitatem
979 1366 1105 1430 honoris
1127 1367 1238 1447 Dan,
1261 1367 1343 1432 filius

246 1447 330 1527 eius,
364 1445 515 1528 obtinuit,
548 1450 603 1533 qui
625 1459 734 1532 postea
755 1453 868 1533 Ooan,
907 1448 1091 1513 Willihelmi
1132 1450 1343 1534 Truingorum
1449 1470 1454 1479 ¹

245 1530 380 1615 pretoris
402 1529 541 1611 viduam,
564 1533 597 1594 in
618 1530 819 1616 coniugiumb
840 1531 961 1595 ascivit.
1003 1532 1092 1595 Hezo
1114 1532 1269 1615 palatinus
1292 1554 1343 1596 eo·

166 1630 170 1643 ·
245 1635 312 1676 mes
333 1633 353 1674 a
373 1633 431 1675 sua
452 1613 636 1678 concubina.
650 1618 776 1680 nomine
798 1614 993 1699 Tiethburga
1013 1617 1126 1679 veneni
1155 1615 1284 1699 poculo,
1307 1626 1342 1679 ut

243 1697 350 1777 fertur,
372 1694 584 1777 defraudatus,
606 1699 698 1782 periit
719 1697 865 1762 flebiliter
885 1709 1035 1775 mortuus,
1058 1708 1089 1762 et
1109 1697 1150 1761 ad
1164 1695 1341 1782 Augustam

244 1800 329 1854 trans
345 1796 471 1868 ‘ortatus
507 1798 539 1852 et
569 1789 602 1849 in
638 1788 790 1853 aeeclesia
821 1790 919 1853 saneti
950 1764 1091 1852 ddalriei
1122 1799 1168 1852 est
1197 1794 1233 1852 'se
1258 1789 1341 1868 ultus

246 1875 294 1937 16.
347 1869 500 1955 sisinnii.
522 1910 564 1919 —-
584 1869 786 1935 Ekbertlmsc
808 1893 913 1935 eomes
934 1873 963 1935 5.
985 1869 1055 1934 Kal.
1078 1869 1200 1955 Appril.
1222 1812 1308 1936 obiit.

325 1952 396 2019 Ind.
411 1958 440 2033 3,
465 1954 553 2017 1035.
597 1952 806 2018 Ohounradus
826 1956 996 2039 imperator
1010 1955 1205 2017 nativitatem
1222 1953 1339 2019 Christi

243 2058 316 2100 eum
337 2035 561 2100 decentissima
581 2058 710 2100 suorum
736 2036 984 2122 frequentatione
1007 2035 1138 2101 Goslare
1160 2035 1339 2102 celebravit.
1365 2064 1368 2069 ·

244 2120 315 2199 Quo
337 2121 472 2183 adeum
494 2119 688 2183 diversarum
702 2121 842 2204 gentium
864 2119 959 2204 legati
981 2141 1052 2182 eum
1067 2119 1249 2183 muneribus
1267 2141 1339 2183 con·
1455 2116 1459 2125 “

196 2206 200 2212 “
243 2212 409 2283 venerunt3
440 2203 493 2287 qui
513 2201 604 2281 inde,
631 2212 666 2267 ut
694 2204 927 2288 imperatoriam
954 2204 1151 2266 maiestatem
1172 2224 1191 2264 o
1216 2202 1338 2266 ortebat

214 2296 217 2304 '
242 2287 441 2359 remunerati,
463 2286 615 2348 abierunt.
663 2284 735 2365 Ubi
757 2288 850 2349 etiam
878 2284 1018 2369 predicto
1041 2284 1155 2348 domno
1235 2307 1413 2351 ruinosas.

241 2367 387 2433 abbatiae
408 2369 593 2451 dignitatem
614 2370 646 2431 in
667 2370 678 2431 i
703 2370 745 2430 sis
766 2368 836 2432 Kal.
857 2368 995 2431 Ianuarii
1016 2367 1254 2437 commendavit.
1296 2368 1338 2432 Et

242 2451 482 2529 Ohuonradum‚
512 2449 651 2514 Alberiei
679 2391 792 2533 blium,
821 2450 913 2514 exilio
939 2471 1026 2513 reum
1048 2451 1219 2513 maiestatis
1240 2450 1337 2549 depu-

237 2536 327 2599 tavit.
381 2533 537 2618 Tempore
567 2533 850 2619 quadragesimali(¹
879 2533 964 2611 urbs?
977 2532 1115 2598 Wirbini
1136 2556 1155 2597 a
1176 2533 1336 2597 Lnitizris⁰

242 2618 364 2702 eapitur
385 2626 416 2680 et
444 2617 614 2701 presidium
630 2617 724 2680 Daedi
747 2618 869 2681 comitis
892 2617 1052 2699 captivum
1075 2615 1243 2680 diducitur.
1286 2616 1336 2679 In·
1513 2684 1518 2693 ,

241 2696 387 2767 eendium
410 2700 620 2781 Degarensis¹
644 2701 825 2763 monasterii
853 2702 882 2762 5.
905 2696 975 2761 Kal.
998 2699 1117 2763 Marcii.
1161 2699 1410 2782 Imperatorum.
1421 2717 1456 2757 ³⁰.

239 2781 357 2868 paseha
370 2781 601 2847 'Paderbrunne
621 2782 752 2847 feriavit.
796 2783 1030 2845 Aseeusionem'
1042 2782 1173 2844 Domini
1195 2779 1332 2866 Seligsn-
1344 2802 1419 2865 uus.

240 2865 324 2946 stad,
353 2875 556 2950 pentecosten
585 2887 659 2928 vero
681 2865 869 2948 Bavenberg
890 2866 967 2945 evit3
997 2863 1080 2927 unde
1102 2864 1334 2949 expeditionem
1343 2886 1434 2927 nora

240 2950 375 3013 suumin
390 2947 562 3011 Liutiziose
585 2949 665 3010 serio
680 2949 849 3011 mandavit.
864 2955 871 2962 “
891 2914 941 3012 Ibi
956 2948 1050 3011 etiam
1064 2947 1236 3010 Heinricho
1259 2949 1335 3031 regi,

238 3032 303 3096 filio
316 3031 523 3116 imperatoris,
538 3029 601 3092 filia
613 3029 717 3095 Obnut
731 3031 813 3113 regis
825 3031 990 3093 Danorum
1005 3030 1187 3093 iuramentis
1203 3030 1334 3113 despon-

238 3125 333 3179 satur.
376 3114 418 3177 Et
434 3113 509 3179 Otto
525 3113 563 3176 de
580 3111 748 3177 Suinvdrdi
768 3107 887 3176 ibidem
902 3111 1093 3191 Mathildem,
1116 3111 1212 3176 filiam
1227 3110 1334 3177 Bolen-

237 3197 359 3261 lavonis
378 3195 709 3275 Polianorum-dneis‚
736 3194 797 3260 sibi
817 3195 1029 3280 desponsavit.
1073 3194 1248 3279 imperator
1262 3215 1333 3257 oum
1418 3264 1425 3279 ι

237 3278 428 3344 validissimo
458 3280 597 3342 exercitu
625 3280 786 3361 regionem
811 3277 1036 3342 Liutiziorumf
1061 3278 1204 3357 intravit3
1238 3298 1332 3361 quam

237 3363 328 3447 longe
343 3360 467 3460 lateque
482 3356 633 3423 incendiis
648 3370 680 3422 et
694 3359 968 3445 populationibus&
983 3360 1166 3425 devastavit.
1209 3358 1333 3422 Eodem
1412 3367 1419 3376 ⁴

235 3467 317 3513 anno
349 3444 560 3509 Herrmannus
588 3442 897 3528 Hammaburgensis
920 3442 1177 3528 metropolitanus
1206 3464 1248 3505 ex.
1273 3440 1332 3505 bae

236 3529 301 3597 vita
321 3527 477 3611 migravit.
495 3536 497 3539 ’
518 3520 668 3589 In-euius
689 3524 795 3591 locum
815 3526 1072 3590 Anrnsaarvnus¹¹
1095 3527 1199 3609 regius
1227 3520 1331 3607 capel-

235 3610 324 3674 lanus
346 3611 483 3674 intravit.
526 3607 590 3686 Qui
619 3630 692 3672 eum
715 3630 837 3674 summo
865 3616 992 3671 suorum
1014 3609 1061 3672 sui
1085 3629 1123 3670 ue
1146 3607 1332 3690 conprovin·
1420 3642 1425 3654 ι
1513 3656 1518 3667 .

234 3693 365 3758 tiulium
376 3690 492 3775 gaudio
507 3712 526 3753 a
541 3693 605 3755 suis
628 3692 832 3777 suffraganeis
851 3713 868 3754 e
893 3692 1009 3776 iseopis
1018 3690 1079 3754 sab
1102 3702 1154 3754 ato
1168 3699 1240 3754 ante
1255 3689 1331 3753 nati·

235 3776 365 3841 vitatem
388 3772 513 3854 Christi,
536 3774 570 3837 in'
589 3767 697 3860 vigilia
716 3773 817 3838 saneti
838 3713 958 3837 Tbbme
980 3772 1122 3858 apostoli,
1150 3772 1330 3857 prespiterii
1339 3791 1395 3833 nso.
1408 3792 1445 3834 so.
1462 3778 1464 3783 “

235 3859 384 3922 honorem
410 3865 441 3918 et
468 3855 691 3937 incrastinum
720 3853 931 3942 pontificalem
976 3856 1180 3921 romotionem
1208 3852 1331 3951 aceepit

235 3938 412 4015 honorifice.
457 3938 639 4026 Opperthus
653 3938 926 4023 Elewangensium
940 3879 1038 4004 abbas
1060 3937 1147 4003 obiit.
1183 3935 1242 4000 Oui
1256 3932 1329 3999 Rrh-
1339 3955 1354 3997 r.
1362 3954 1410 4028 pa¹

168 4158 171 4165 ⁴
303 4116 345 4167 Α)
360 4120 409 4160 ttae
424 4121 447 4159 tn
461 4132 517 4161 novo
538 4121 678 4171 quaternione
693 4117 961 4168 aucmentandum
974 4117 1079 4166 μυρίων.
1139 4113 1166 4164 b)
1179 4112 1294 4153 contutum
1308 4122 1327 4153 ο.

235 4174 256 4224 e)
272 4175 321 4214 aaa
333 4182 383 4226 post
398 4178 470 4219 addita
487 4180 593 4221 videntur,
638 4176 663 4228 d)
678 4177 882 4225 quadragesslmsll
896 4186 914 4215 c.
952 4173 1052 4224 s)1'toe.
1097 4180 1114 4213 1:
1132 4170 1295 4212 btuurotomm
1309 4179 1328 4211 o.

232 4231 257 4282 s)
273 4234 426 4283 popul-noun
441 4251 457 4279 ο.
488 4249 491 4255 ’
519 4237 543 4288 n)
560 4232 727 4277 snzsmnvs
742 4236 766 4274 n
780 4245 856 4285 mara,
871 4233 946 4272 ronna
960 4231 1017 4272 sss
1032 4229 1126 4272 assum.

325 4380 352 4446 1)
374 4379 537 4447 Pepermea
