3340 5150
474 349 642 402 sonabas
661 345 1017 409 HILDESHEIMENSES.
1268 359 1303 409 66

210 540 247 600 ro
262 517 436 593 christiana
449 516 506 581 reli
532 518 602 582 'one
616 517 740 582 labores
755 520 889 583 moritur
897 512 935 584 'et
955 521 1046 585 iuxta
1065 521 1194 586 fratrem
1209 546 1303 589 suum
1344 557 1347 563 ·

186 539 402 669 &odefridum
434 540 594 686 sepelibat.
644 600 911 666 lherosolimitani
943 602 1041 669 alium
1072 604 1327 690 Baldeuinum²>

187 694 338 771 nepotem
360 706 464 766 suum,
485 684 644 749 inlocum
666 686 733 748 eius
754 686 959 751 substituunt.

141 791 166 804 ’
228 818 232 823 -
274 768 366 854 1119.Ι
409 767 557 831 Domnus
571 767 763 857 apostolicus
779 768 926 835 Gelasius
941 770 1100 855 synodum
1117 773 1151 841 in
1165 774 1304 838 Francia

188 849 416 932 celebraturus,
437 851 523 936 apud
545 851 734 916 Cluuianum
756 854 889 917 moritur
910 853 1019 940 ibique
1045 877 1078 918 se
1103 854 1204 920 elitur.
1241 857 1304 923 Cui

187 935 448 1027 arclu'episcopu‘s
477 935 637 1016 Viennae,
673 937 723 999 vir
753 935 934 1022 religiosus,
958 958 1066 1021 succe
1089 939 1128 1018 it,
1160 939 1303 1004 Kalistus

187 1018 326 1083 nomine.
389 1071 393 1080 .
412 1019 590 1106 imperator
610 1030 642 1083 et
662 1020 822 1117 principes
843 1023 935 1105 regni
955 1022 989 1084 in
1010 1022 1181 1086 festivitate
1203 1025 1304 1088 sancti
1312 1045 1364 1088 run.
1374 1047 1410 1090 ss.

187 1100 341 1168 Iohannis
360 1102 520 1188 baptistae
542 1113 737 1169 conveniunt
758 1113 790 1166 et
809 1105 844 1167 in
866 1104 1067 1168 concordiam
1088 1106 1231 1188 redeunt,
1259 1107 1304 1171 ita

188 1194 313 1267 nmen,
342 1195 379 1250 nt
400 1185 503 1249 omnis
526 1207 638 1268 causa,
662 1207 743 1271 quae
765 1186 919 1251 hactenus
941 1187 1126 1252 aecclesiam
1147 1189 1303 1254 disturba·

189 1280 279 1333 verat
300 1277 332 1333 et
353 1273 512 1343 intereos
533 1269 676 1334 fomitem
699 1269 877 1334 discordiae
898 1271 1142 1350 ministraverat,
1172 1272 1204 1335 in
1233 1295 1302 1358 pre·

188 1353 324 1417 sentiam
345 1352 467 1421 domini
488 1353 656 1437 apostolici
676 1351 814 1417 Kalistia
834 1354 1023 1418 differretur.
1106 1354 1200 1419 Multi
1220 1378 1302 1419 mor·
1340 1387 1349 1400 .

186 1433 299 1501 talium
321 1457 340 1499 a
361 1436 444 1521 lupis
467 1432 691 1501 devorantur.'
721 1437 724 1440 ’
754 1434 890 1502 Calistus
912 1439 997 1524 papa
1018 1438 1174 1522 synodum
1194 1439 1301 1505 Remis

188 1521 275 1583 circa
300 1519 415 1583 festum
445 1521 547 1583 sancti
568 1519 674 1582 Lucae
697 1517 851 1600 celebrat,
882 1523 935 1584 cui
956 1521 1407 1606 aldelbertns'Mogun-oems.

187 1604 274 1668 tinus
310 1602 570 1688 archiepiscopus
606 1602 777 1688 pluresque
814 1604 959 1689 episcopi
988 1603 1179 1670 Germaniae
1208 1607 1302 1670 inter·
1352 1658 1355 1665 .
1384 1636 1391 1643 ·

186 1685 325 1751 fuerunt.
368 1687 546 1772 Imperator
567 1707 631 1749 non
653 1685 747 1771 longe
760 1689 932 1771 *cum'suis
955 1688 1107 1768 consistit,
1137 1687 1302 1753 auditurus

187 1792 284 1856 super
310 1769 517 1855 synodalibus
546 1770 718 1852 decretis13
747 1770 803 1834 sed
829 1770 928 1834 nichil
949 1771 1036 1857 quod
1058 1770 1100 1833 ad
1121 1771 1302 1836 reconcilia·

186 1855 305 1920 tionem
333 1855 520 1939 pertineret,
548 1863 657 1917 actum
685 1864 748 1935 est,
778 1856 876 1918 immo
903 1855 1076 1941 imperator
1096 1854 1301 1919 anathemati·

187 1948 357 2002 natusest

155 2028 156 2033 ’
272 2021 364 2085 1120.
405 2020 486 2084 Dux
506 2019 686 2104 Liutgerus,
715 2019 898 2084 Fridericus
919 2019 1078 2106 palatinus
1101 2042 1217 2102 comes,
1239 2018 1300 2085 Ro-

186 2101 291 2168 dolfus
327 2113 359 2169 et
419 2103 502 2166 lures
538 2102 591 2166 alii
626 2105 809 2187 imperatori
836 2102 1089 2169 ‘reconciliantur
1124 2103 1300 2173 Goslariae.

185 2187 301 2251 Fames
323 2125 438 2251 valida.
467 2186 610 2250 -Modius
633 2186 767 2271 siliginis
789 2187 915 2253 duobus
937 2185 1046 2252 solidis
1066 2188 1164 2252 venit.

271 2272 361 2335 1121.
405 2271 485 2335 Dux
506 2270 688 2355 LiutgeruS,
717 2293 824 2335 comes
847 2270 1082 2335 Herimannusb
1108 2269 1148 2335 de
1171 2270 1300 2337 Winoe-
1349 2286 1351 2293 ⁴

183 2353 286 2419 burch
306 2375 476 2419 numerosa
497 2365 529 2418 et
551 2353 625 2418 forti
639 2376 736 2417 manu
750 2354 979 2419 hlonasterium
993 2354 1115 2419 vadunt
1135 2375 1199 2439 pro>
1211 2356 1300 2417 resti·

185 2436 303 2503 tuendo
333 2437 531 2502 Theoderico
565 2437 674 2522 episoo
699 2459 741 2501 o.·
775 2439 812 2501 In
845 2460 909 2523 qua
940 2439 1139 2504 restitutione
1171 2437 1299 2500 incaute

185 2522 287 2585 sancti
308 2519 400 2584 Pauli
421 2518 577 2605 templum
598 2519 672 2584 nob'
689 2523 747 2585 'ter
769 2531 984 2586 constructum
1006 2521 1155 2585 incendio
1183 2518 1298 2584 confla·
1370 2589 1372 2593 ,

158 2644 160 2647 .
183 2613 278 2688 grant
300 2625 373 2667 oum
395 2605 482 2666 omni
502 2603 568 2667 fere
589 2601 679 2667 urbis
701 2602 782 2668 loco.
824 2605 990 2669 Predictus
1011 2605 1079 2668 dux
1101 2625 1210 2668 omnes
1232 2602 1297 2667 fere

181 2685 273 2750 urbis
295 2685 487 2767 defensores,
508 2697 574 2751 tam
596 2686 718 2751 nobiles
741 2710 837 2774 quam
858 2687 1088 2768 ministeriales,
1110 2709 1150 2750 ca
1173 2697 1221 2752 tos
1243 2685 1297 2750 ab·

172 2768 280 2835 ducit.
323 2770 385 2834 His
406 2772 495 2851 actis,
517 2768 698 2835 Dulmene²
725 2769 838 2836 urbem
865 2774 1019 2836 munitam
1047 2772 1080 2835 in
1102 2710 1295 2835 deditionem

181 2874 259 2918 acce
282 2854 316 2919 it.
342 2887 347 2895 ·
402 2854 498 2918 Circa
524 2854 640 2921 festum
669 2854 771 2919 sancti
786 2854 985 2918 'Michahelis
1010 2855 1044 2917 in
1072 2853 1147 2939 sede
1174 2853 1367 2938 episco-sspt.

152 3000 155 3003 .
181 2935 247 3022 pali
298 2936 467 3002 erciburch
480 2938 654 3022 imperator
668 2948 700 3002 et
714 2941 809 3003 totius
824 2937 915 3023 regni
930 2937 1030 3023 princi
1055 2958 1088 3000 es
1104 2937 1296 3000 conveniunt

181 3021 267 3092 etin
289 3020 494 3085 concordiam
515 3019 658 3101 redeunt,
680 3021 798 3086 iudicio
821 3032 853 3086 et
874 3020 1004 3085 consilio
1027 2960 1148 3083 domini
1169 3028 1294 3104 aposto·
1399 3089 1403 3094 ⁸

180 3104 235 3170 lici
257 3127 387 3170 causam
408 3105 610 3188 imperatoris
632 3103 904 3186 determinandam
926 3112 1123 3188 reservantes
1133 3114 1156 3166 ³.
1292 3112 1296 3120 '

142 3257 145 3263 ,
267 3189 358 3252 1122.
400 3187 539 3252 Infesto
561 3185 676 3251 natalis
690 3188 823 3252 Domini
837 3187 1039 3252 vehementes
1060 3187 1201 3251 turbines
1216 3205 1294 3247 ven-

180 3283 285 3336 torum
306 3272 474 3336 innumera
495 3270 621 3334 edificia
650 3284 683 3350 et
703 3271 834 3335 arbores
861 3294 881 3334 a
901 3270 1062 3334 radicibus
1091 3268 1292 3348 subruerunt,

180 3364 212 3419 et
231 3354 397 3419 inundatio
423 3377 443 3419 a
466 3375 578 3418 uarum
600 3376 643 3431 en¹
661 3354 822 3438 ymbrium
838 3352 1066 3439 distillatione,
1079 3372 1176 3438 supra
1198 3371 1293 3435 quam

181 3440 329 3527 cuiquam
349 3438 422 3501 mo'
467 3438 532 3500 ‘um
555 3436 706 3502 credibile
728 3439 783 3518 sit,
814 3438 935 3518 evenit3
963 3436 1133 3522 multisque
1155 3431 1293 3496 mortali-

179 3521 240 3586 bus
262 3522 456 3601 summersis,
479 3519 528 3588 his
550 3521 606 3606 qui
623 3530 794 3585 evaserant
814 3520 955 3584 diuturni
976 3518 1093 3584 doloris
1120 3524 1217 3582 causa
1237 3537 1292 3578 ex-

178 3605 251 3670 titit.
280 3615 286 3619 “
361 3605 456 3681 Circa
487 3602 603 3668 festum
634 3607 761 3669 sanctae
792 3604 937 3668 Mariae⁴
971 3603 993 3668 S
1018 3604 1084 3666 ire⁵
1118 3606 1290 3664 conventus
1300 3614 1363 3668 sept.

201 3689 359 3774 rincipum
374 3688 419 3768 fit.
463 3688 697 3773 Ibi-episcopus
713 3686 879 3769 Ostiensis,
903 3688 951 3750 vir
964 3626 1142 3770 religiosus,
1161 3691 1290 3747 sanctae

178 3710 341 3837 itomanae
363 3769 537 3836 aecclesiae
558 3770 691 3856 legatus,
720 3769 904 3835 consulente
926 3791 1011 3856 papa
1034 3766 1163 3856 Calisto,
1190 3766 1291 3851 impe·

164 3962 170 3971 ‚
266 3940 290 3993 a)
303 3947 353 3992 pon
368 3942 419 3983 add,
435 3952 453 3982 c.
512 3938 536 3990 b)
551 3941 581 3981 Η.
597 3942 615 3979 c'.

271 4071 298 4138 1)
319 4071 359 4137 cy.
372 4057 501 4122 struas
513 4050 666 4121 rotantem
679 4071 711 4122 ae
724 4071 832 4136 conatu
845 4067 974 4128 nomena,
989 4064 1038 4117 ss.
1052 4063 1119 4129 ΧΠ,
1127 4082 1158 4131 p.
1172 4065 1226 4115 no
1236 4081 1287 4131 ης.

179 4140 208 4208 2)
225 4144 346 4211 ὒτῖῐπιεη.
410 4144 440 4209 3)
460 4142 499 4209 Cf.
519 4142 576 4195 LL.
597 4143 640 4211 H,
654 4162 684 4210 p.
707 4146 748 4197 74.
804 4142 834 4209 4)
854 4140 882 4193 S.
903 4140 1008 4192 Mariae
1026 4137 1111 4191 notio.
1167 4133 1197 4205 5)
1222 4136 1290 4189 Wor·

178 4217 274 4268 matius
293 4216 503 4277 discredebant,
522 4218 556 4283 cf.
576 4206 633 4267 [L.
654 4216 695 4280 II,
709 4234 741 4282 p.
757 4218 799 4268 75.
1057 4294 1079 4358 5
