3340 5150
530 441 697 494 surmus
715 440 1074 524 arnnssnnrususss.
1160 416 1163 419 ’
1218 450 1220 455 ’
1301 443 1394 511 >cr³
1434 512 1440 520 ,

250 607 340 672 densi
355 607 528 672 aecclesiae
549 607 620 672 loco
636 608 779 706 episcopi
800 608 995 671 intruserunt
1016 618 1048 672 et
1069 608 1145 693 quia
1159 607 1359 694 Heynricum

250 690 580 777 Mugedeburgen'sem
602 690 769 754 ordinavit.
804 689 961 756 Omnibus
983 688 1028 752 ibi
1050 689 1254 757 aecclesiis'a
1277 699 1359 756 osto-

248 773 330 839 licus
344 772 532 852 libertatem,
553 782 589 837 ut
603 795 645 838 ex
659 781 811 859 precepto
826 794 984 837 canonum
1002 771 1141 857 prelatos
1150 774 1218 844 ¹sibi
1271 784 1358 860 gant,

251 878 331 944 quos
353 855 467 941 dignos
487 854 635 936 viderint,
656 856 818 920 restituit.⁴
1451 868 1455 873 '

195 939 198 946 ’
336 940 426 1015 1109.
468 937 638 1034 Eclppsis⁸
660 938 733 1002 solis
755 937 839 1001 facta
860 947 908 1003 est
922 939 952 1001 2.
966 934 1039 1001 Kal.
1054 939 1125 1001 Iun.
1166 937 1429 1005 Plures-fulera

249 1023 339 1086 mine'
355 1022 525 1105 perierunt.
716 1070 725 1101 ,
786 1087 791 1098 ‚
1227 1038 1232 1055 ¹

331 1102 601 1249 Arcbiepiscopus
624 1101 987 1183 Coloniae,Fr·idericus,
1013 1101 1122 1165 Bruno
1143 1101 1357 1188 Treverensis,

249 1185 456 1251 cancellarius
476 1186 548 1250 Ade
560 1185 683 1268 bertus,
712 1203 819 1254 comes
840 1185 1054 1248 Herimannus
1080 1184 1120 1249 de
1141 1183 1359 1253 Winceburch

249 1265 367 1353 allique
385 1270 554 1355 ‘principes
579 1269 654 1333 satis
676 1258 754 1333 clari
774 1267 909 1332 Romam
936 1289 1009 1332 cum
1034 1289 1153 1353 pompa
1173 1290 1237 1344 non
1258 1291 1359 1354 parva

250 1350 386 1434 vadunt,
417 1354 500 1416 inter
530 1353 682 1416 domnum
713 1349 922 1438 apostolicum
952 1361 985 1416 et
1015 1373 1123 1435 regem
1155 1351 1358 1435 concordiam

247 1434 373 1497 facturi.
415 1435 563 1499 Domnus
576 1433 771 1520 apostolicus
786 1435 871 1498 omni
892 1435 1089 1518 paternitate,
1112 1435 1198 1498 omni
1212 1456 1356 1500 mansue
1449 1483 1453 1489 .

153 1516 156 1527 ’
249 1515 360 1580 tudine
389 1538 462 1582 eum
489 1539 523 1581 se
552 1528 761 1602 excepturum
788 1515 941 1601 spondet,
968 1517 994 1579 si
1024 1517 1093 1601 ipse
1121 1527 1163 1581 se'
1183 1526 1220 1581 ut
1246 1539 1355 1602 regem

226 1597 449 1681 ¹catholicum,
479 1608 515 1664 ut
534 1598 707 1664 aecclesiae
727 1596 827 1663 filium
853 1609 885 1664 et
909 1597 1120 1681 defensorem,
1150 1608 1186 1663 ut
1211 1600 1356 1667 iusticiae

249 1692 426 1746 amatorem
447 1691 576 1747 sanctae
596 1683 758 1746 Romanae
780 1681 848 1746 sedi
869 1679 1042 1757 exhiberet.
1354 1725 1356 1730 -

185 1762 189 1773 '
335 1765 425 1846 1110,
446 1764 511 1828 ind.
527 1767 557 1829 2.
591 1765 673 1829 Non.
688 1765 781 1828 Mart
795 1762 936 1847 synodus
950 1763 1088 1846 gloriosa
1104 1764 1137 1824 in
1150 1761 1356 1849 Lateranensi

249 1845 403 1911 aecclesia
423 1847 604 1933 presidente
625 1846 753 1911 domino
778 1868 864 1931 papa
885 1844 1031 1908 Paschali
1052 1844 1239 1925 celebratur.
1281 1847 1355 1913 Pre-

250 1928 327 1992 dicti
345 1927 451 2013 'legati
478 1929 634 1994 Leodium
661 1928 704 1992 ad
727 1950 835 2013 regem
863 1928 1010 2010 veniunt,
1037 1950 1225 2014 responsum
1250 1951 1354 2015 papae

247 2011 428 2076 referentes.
469 2011 521 2076 Ibi
547 2035 606 2079 rex
633 2010 762 2096 Anglici
788 2011 872 2095 regis
901 2009 998 2074 filiam
1026 2033 1175 2098 sponsam
1204 2034 1296 2085 susce
1320 2015 1354 2096 it,

249 2114 346 2178 quam
367 2095 401 2156 in
422 2094 541 2180 pascha
560 2094 649 2180 apud
662 2095 844 2159 Traiectum
857 2095 946 2178 regio
967 2115 1055 2159 more
1076 2094 1205 2158 dotavit.
1319 2108 1482 2183 rr-spmo.¹
1529 2139 1534 2147 ·

246 2176 373 2322 pefflfi}
389 2177 423 2322 itu
437 2177 616 2324 Italianpab
638 2178 795 2323 epipepsis
809 2176 997 2321 opcidenpiesll
1003 2176 1202 2322 prppcitpbus
1216 2176 1369 2326 Traiecttei

248 2279 286 2320 co
328 2280 351 2320 u
373 2279 394 2320 a
408 2281 457 2322 ur.
568 2281 633 2323 mea
676 2308 684 2323 .
758 2281 807 2324 on.
845 2281 897 2322 un.
927 2281 943 2322 s
998 2278 1017 2320 a
1172 2279 1237 2322 ram
1257 2276 1319 2322 noo

216 2400 219 2405 ·
247 2342 405 2488 tutti
424 2338 535 2486 ”llll
553 2339 739 2488 lulla
752 2340 1167 2488 biallle‘lullllllab
1185 2339 1228 2418 ‘¹⁶‘
1247 2343 1384 2490 bal.
1400 2361 1450 2487 ..³

244 2471 408 2651 repioneiu
429 2446 845 2653 ⁴pll(siia11{⁷‹pp1¹umLis-rumpunt,
867 2473 1036 2593 multisque
1051 2447 1352 2654 decisisppacaptib:
1385 2455 1399 2486 a
1434 2476 1439 2485 Ι

245 2599 401 2736 {tulli
420 2611 552 2754 alb,
567 2598 1212 2770 “restittat-..tltstistte,
1237 2614 1353 2739 {3223

248 2753 343 2819 urbes
364 2754 549 2818 munitiores
569 2764 601 2820 et
622 2754 835 2840 opulentiores
850 2756 946 2838 capit,
968 2753 1197 2839 obsidibusque
1216 2754 1257 2819 ab
1272 2756 1350 2841 ipsis
1390 2816 1394 2823 .

232 2837 397 2925 acceptis,
417 2838 520 2902 victor
539 2836 631 2902 redit
715 2835 811 2902 Circa
824 2837 1073 2922 assumptionem
1088 2846 1217 2903 sanctae
1230 2838 1429 2937 alariaefiw

245 2940 304 2983 rex
323 2920 413 3004 regio
434 2928 590 3005 apparatu
604 2919 729 2984 Italiam
749 2921 781 2983 iu
820 2918 933 2984 editur.
976 2919 1097 2985 Omnes
1115 2921 1261 2987 'civitates
1282 2945 1350 2986 mu·
1380 2899 1461 2963 ”⁸²¹⁵

245 3002 341 3084 uitae,
363 3004 470 3065 omnia
490 3000 617 3067 castella
636 3004 706 3087 regi
726 3001 785 3068 sub
808 3012 913 3068 untur.

328 3084 398 3148 lnd.
414 3086 444 3167 3,
468 3087 559 3147 1111.
600 3085 672 3151 Rex
691 3085 796 3150 natale
809 3085 942 3149 Domini
956 3083 1044 3170 apud
1056 3083 1249 3150 Florentiam
1272 3086 1350 3168 cele·

243 3163 324 3230 brat.
356 3166 429 3247 Quo
451 3176 590 3251 peracto,
612 3168 641 3232 2.
662 3167 739 3231 ldus
759 3167 854 3231 Febr.
874 3168 976 3232 Rome
996 3166 1037 3230 ab
1057 3167 1231 3251 apostolico
1252 3166 1470 3232 hono-rosen.

243 3248 330 3312 rifice
344 3249 513 3348 excipitur.
547 3248 642 3314 Datis
655 3260 762 3316 autem
776 3250 937 3347 utrimque
952 3248 1126 3330 obsidibus,
1145 3250 1181 3313 -in
1194 3250 1349 3317 aecclesia
1384 3293 1386 3297 ν

243 3327 329 3396 beati
339 3332 424 3395 Petu
440 3330 635 3414 considunt⁰,
656 3354 753 3418 super
765 3332 905 3423 negociis
919 3331 1160 3397 aecclesiasticis
1173 3337 1349 3400 tractaturi.

149 3476 152 3481 ,
245 3413 332 3477 Dum
360 3414 439 3478 baec
554 3424 620 3496 tur,
649 3415 786 3480 factione
814 3414 1012 3499 quomndam
1040 3414 1193 3479 tumultus
1219 3417 1252 3478 in
1278 3437 1348 3481 aec·
1410 3456 1417 3467 ·
1481 3462 1483 3469 .

244 3495 358 3560 clasiae
391 3495 483 3581 gradi
506 3520 544 3560 us
574 3498 687 3580 oritur;
714 3497 920 3562 vulnerantur
945 3496 1069 3583 plures,
1097 3496 1226 3582 quidam
1254 3502 1348 3563 truci-

245 3577 369 3644 dantur.
412 3580 484 3659 Quo
506 3579 614 3644 audito
635 3602 655 3643 a
676 3596 761 3665 rege,
787 3579 956 3644 concilium
986 3578 1194 3661 disturbatum
1223 3592 1348 3665 aposto-

244 3659 324 3725 licus
346 3683 419 3725 cum
441 3661 655 3727 cardinalibus
683 3664 791 3761 regiae
812 3662 973 3727 custodiae
1000 3662 1184 3748 deputatum
1212 3662 1347 3728 Romani

242 3751 329 3808 trans
354 3752 485 3830 pontem
510 3743 593 3810 ultra
613 3745 765 3829 Tybenm
791 3745 970 3830 diffugiunt.
1012 3744 1135 3809 Eadem
1162 3755 1256 3810 nocte
1281 3754 1347 3810 tota

245 3827 355 3890 civitas
374 3827 596 3892 Lateranensis
616 3827 754 3893 tumultu
774 3826 887 3892 bellico
910 3829 1099 3893 concutitur.
1141 3826 1220 3892 Orto
1242 3844 1345 3911 mane,

243 3910 355 3973 erectis
383 3909 482 3994 signis
502 3908 730 3975 Lateranenses
757 3910 948 3975 unanimiter
973 3931 1081 4008 regem
1103 3932 1145 3973 ex
1173 3911 1345 3993 improviso

224 3990 404 4056 'invadunt
442 3989 635 4057 Cubicularii
649 4015 724 4061 vero
738 3996 822 4078 regis
836 4013 925 4055 arma
946 3994 1129 4077 corripiunt,
1152 3990 1345 4057 multitudini

327 4131 351 4183 s)
366 4134 535 4174 emendantibus
548 4135 640 4185 snmus
649 4135 716 4174 anais
723 4136 748 4174 ia
758 4135 854 4184 maraine
864 4134 909 4173 alta
920 4133 1085 4188 manuscriptis,
1094 4135 1164 4176 tuden
1170 4132 1271 4182 peralta,
1279 4131 1343 4171 inuio

240 4189 366 4239 cartusiam
381 4191 458 4232 mets.
495 4189 519 4242 b)
534 4194 580 4232 usi
594 4204 620 4239 a,
637 4193 764 4243 wimacus
778 4193 875 4245 αὸσοίεἰρ.
905 4192 962 4232 Mal!
977 4192 1037 4232 aaa.
1045 4189 1110 4231 Sauo.
1126 4189 1129 4195 '
1149 4189 1172 4241 e)
1188 4190 1309 4230 eonudsnt
1323 4200 1343 4231 c.

331 4282 359 4350 1)
378 4283 605 4353 Errenesscton's,
625 4300 701 4351 quera
719 4272 797 4338 etiam
809 4283 879 4337 Aac.
894 4283 982 4336 Colca.
1002 4284 1107 4337 habeat.
