3340 5150
507 409 671 462 ANNALES
685 403 1043 465 maerensmaerens.
1292 416 1325 463 41

225 586 257 640 et
277 575 423 639 humanis
445 584 657 661 perstrenuus,
685 578 714 640 9.
736 575 809 640 Kal.
833 577 994 661 Septemb.
1021 577 1061 641 a'd
1084 576 1243 643 Christum
1271 581 1326 642 mi-

183 734 187 739 ,
222 660 335 746 gravit.
386 659 423 722 ln
450 660 539 722 euius
554 658 669 726 'iloeurn
689 659 915 735 'nobilissimae
943 658 1057 736 indolis
1085 662 1210 727 iuvenis
1230 662 1327 726 Haru-

187 799 190 803 .
224 765 357 823 nunnus,
377 743 517 806 eiusdem
540 741 712 807 aecclesiae
734 742 987 824 archidiaconus,
1011 742 1070 807 ¹sed
1096 766 1130 808 re
1152 745 1202 808 ius
1224 743 1350 830 capel·>
1380 779 1384 787 ·

225 826 315 910 lanus
348 834 380 889 et
412 824 594 909 Cisalpinus
627 824 846 907 cancellarius,
881 827 964 889 cum
985 766 1187 901 inenarraiili
1208 829 1341 912 gaudio·

246 911 347 972 iorum
370 910 511 971 onmium
532 908 668 972 intravit.
711 908 911 975 Brenthohus
933 907 1200 974 Halberstaten'sis
1224 912 1346 994 ponti.

194 932 285 1057 iex
299 993 328 1055 6.
350 989 422 1057 Kal.
444 991 605 1075 Septemb.
627 991 771 1063 discessit
780 1002 801 1073 ἢ.
846 991 906 1056 Cui
927 992 1133 1076 Brughardus
1154 992 1326 1077 imperialis

121 1095 130 1102 ’
224 1072 428 1141 cancellarius
461 1073 632 1138 honorifice
664 1076 823 1157 suecessit.
879 1073 1084 1159 Sigeberhtus
1111 1075 1324 1140 Mindensium
1465 1142 1471 1151 Ι

202 1157 329 1243 presul
358 1158 503 1241 spiritum
532 1156 650 1221 efflavit
671 1159 700 1222 6.
722 1156 799 1220 ldus
821 1156 935 1222 Octob.
985 1159 1062 1221 Post
1090 1180 1183 1242 quem
1210 1158 1325 1224 nobilis
1371 1209 1375 1215 .
1441 1212 1447 1217 .

222 1240 369 1326 prosapie
391 1250 463 1325 tyro
485 1241 594 1304 Bauuo
616 1241 767 1313 nomine,
786 1240 902 1324 regalis
925 1240 1115 1326 capellanus,
1138 1263 1210 1305 cunr
1232 1251 1324 1326 gene-

222 1322 279 1388 rali
308 1322 576 1408 congratulatione
590 1329 799 1408 ‘quorumque
820 1322 946 1389 Christi
974 1323 1119 1387 fidelium
1140 1324 1225 1389 idem
1246 1327 1325 1390 anti·

223 1407 350 1471 stieium
379 1404 503 1470 caelesti
532 1407 750 1473 benedictione
778 1409 932 1495 aceepit„
961 1406 1136 1471 Gozmarus
1165 1408 1324 1472 Asnehur·
1409 1437 1411 1441 ·

190 1511 192 1516 ·
222 1490 517 1575 gensisepiscopus
538 1489 570 1562 4,
583 1490 631 1564 ld.
646 1488 800 1566 Decemb.
824 1491 911 1555 obiit.
954 1489 1016 1554 Cui
1029 1488 1196 1554 Alberieus
1217 1493 1322 1576 regius

218 1572 503 1658 postsequetaneus
533 1569 719 1652 successitl.
758 1573 911 1655 Domuus
928 1572 1148 1638 Gonrnanuus
1170 1574 1324 1640 Hildcsei-

222 1658 362 1719 mensisc
400 1656 566 1740 episcopus
602 1656 778 1719 Baunoxan
809 1657 1072 1735 Mindonensium
1097 1658 1254 1739 presulem
1272 1722 1275 1726 Α
1293 1669 1323 1723 et
1385 1659 1389 1666 ’

222 1735 443 1825 Burghardurp
476 1738 766 1815 Halberstatensem
796 1741 979 1823 pontificem
1013 1741 1061 1803 15.
1093 1732 1164 1806 Kal.
1196 1742 1322 1806 Ianuar.

222 1822 354 1886 sabatod
377 1832 449 1886 ante
470 1821 605 1886 natalem
620 1820 1007 1897 Dominiin'Halberstat
1026 1822 1216 1907 presbiteros
1239 1825 1431 1891 ordi-usare.

222 1907 318 1970 navit.
1362 1934 1364 1938 ⁸
1467 1952 1492 1969 .,

263 1996 264 2000 ’
303 1987 373 2053 lnd.
388 1989 417 2069 ἴ),
442 1988 530 2051 1037.
573 1988 748 2071 Imperator
768 1987 885 2084 [natale
896 1989 920 2076 θ]
944 1986 1062 2052 Christi
1081 1990 1206 2066 Verona
1227 1991 1344 2058 hono—s·
1356 2004 1400 2047 51'·
1529 2030 1534 2037 <

202 2071 308 2135 rifiee
330 2069 508 2151 celebravit.
552 2069 594 2138 Et
614 2070 799 2154 imperatrix
822 2093 895 2134 eum
917 2071 981 2134 lilio
1003 2095 1078 2156 rege
1100 2083 1135 2136 et
1151 2095 1233 2141 nuru
1245 2096 1320 2137 -eos-

221 2154 293 2217 dem
317 2153 384 2218 dies
406 2152 571 2237 imbripoli
591 2153 725 2217 feriavit.
769 2154 860 2217 Tunc
882 2156 915 2216 in
936 2153 1031 2218 natali
1053 2157 1152 2219 sancti
1167 2156 1319 2240 Stephani
1328 2183 1383 2221 nec.
1394 2180 1429 2223 ss.
1494 2158 1502 2164 ’

243 2240 450 2309 rotoruartiris
471 2236 677 2320 Burghardus
722 2237 806 2300 resul
820 2236 1085 2302 Halberstatensis
1106 2238 1319 2324 pontificalem
1425 2242 1431 2251 ’

218 2259 469 2387 lienedietionein
492 2344 512 2384 a
533 2320 679 2400 Bardono
699 2260 903 2404 ilogorrtiaco
920 2321 1167 2407 *uretropolitano'
1190 2324 1318 2409 suisque

219 2404 424 2486 suffraganeis
438 2403 657 2487 Heliganstedi
672 2400 843 2468 honorilice
864 2405 1015 2488 percepit.
1057 2404 1231 2490 Imperator
1245 2418 1318 2491 post

217 2486 352 2568 natalem
376 2488 505 2550 Domini
529 2488 563 2549 in
586 2485 715 2551 Salerno
744 2488 838 2572 opido
860 2486 1038 2571 generalem
1066 2499 1255 2552 cernentum
1276 2490 1316 2553 de

217 2592 252 2633 re
273 2593 318 2655 pu
342 2568 402 2654 lica
424 2592 497 2633 cum
520 2569 605 2633 Cisal
630 2570 688 2632 inis
709 2571 886 2668 nostrisque
914 2570 1104 2654 prirnoribus
1131 2569 1255 2654 habuit3
1282 2573 1315 2636 in

217 2672 280 2736 quo
295 2592 539 2716 liettolanensis
558 2592 815 2736 arcltiepiseopus
835 2653 1017 2735 imperatori
1038 2654 1210 2718 contrarius
1232 2660 1315 2718 coni·

215 2733 420 2818 prehenditur
447 2746 479 2799 et
506 2735 654 2820 Bopponi
687 2734 892 2820 Aquilegcnsi
919 2734 1115 2818 patriarchae
1144 2738 1314 2802 servandus

217 2820 438 2899 committitur3
458 2838 555 2901 aquo
576 2819 651 2902 fuga
665 2816 782 2901 lapsus,
803 2817 907 2901 palam
923 2817 1072 2882 rebellare
1088 2819 1179 2902 cepit.
1210 2821 1312 2900 Quem
1364 2850 1368 2858 ·

215 2900 387 2985 imperator
413 2902 592 2986 evestigio
619 2922 689 2963 euru
713 2903 860 2964 exercitu
888 2902 1088 2985 insequutus,
1119 2901 1229 2966 urbem
1258 2925 1314 2986 per

214 2990 315 3047 toturn
331 2985 589 3070 ⁴subsequentem
616 2993 733 3045 anirum
762 3004 834 3046 curn
862 2984 963 3046 tocius
991 2983 1130 3067 periculo
1158 2988 1313 3049 exercitus

170 3092 173 3099 ’
216 3065 353 3131 obsedi&
1014 3108 1026 3127 ο
1136 3104 1139 3105 ’
1340 3129 1343 3134 .

297 3150 404 3229 Bruno
416 3149 590 3213 llindeusis
605 3147 710 3235 presul
725 3149 758 3210 in
770 3158 877 3212 sancto
889 3148 939 3219 die
954 3148 1157 3245 pentecosten
1172 3152 1311 3234 epischo-
1321 3171 1366 3209 nn
1376 3170 1409 3210 ss.

213 3231 321 3328 palem-
336 3226 535 3297 un‘etionemf
560 3232 601 3294 ab
619 3232 1054 3317 Haumarttodgrippmensi
1073 3233 1319 3318 metropolitano,

212 3336 246 3376 m
267 3336 380 3400 eampo
407 3317 497 3377 iuxta
519 3314 749 3393 Mediolanum,
778 3313 951 3377 astarrtibus
978 3314 1164 3398 imperatore
1187 3325 1220 3383 et
1237 3338 1311 3400 rege

220 3417 291 3459 eum
308 3420 404 3493 quam
429 3396 565 3460 alaribus
577 3399 664 3481 regni
680 3397 882 3480 prirnoribus,
903 3397 1057 3480 condigno
1072 3398 1224 3480 suscepit.
1249 3398 1311 3463 Eo·

212 3478 284 3543 dem
299 3479 350 3542 dre
372 3421 451 3544 inibi
466 3496 582 3563 magna
596 3480 752 3552 tonitruss
766 3478 961 3564 fiilgurisque
976 3490 1085 3543 exorta
1100 3479 1220 3544 collisio
1235 3479 1312 3543 hora

212 3560 275 3625 diei
290 3564 319 3638 6,
341 3562 381 3625 de
396 3564 539 3626 exercitu
560 3564 759 3647 imperatoris
774 3583 837 3624 non
852 3561 955 3624 miuus
971 3563 1011 3625 60
1026 3563 1117 3641 viroS,
1140 3563 1309 3644 utdieitur,

212 3666 283 3709 eum
305 3644 546 3710 inenumerabili
561 3667 714 3730 equorum
729 3655 1006 3730 armentorumque
1022 3641 1218 3727 multitudine
1241 3667 1309 3730 per-

117 3803 121 3811 ,
166 3798 170 3803 ,
211 3729 302 3807 emit3
325 3730 402 3794 sedh
425 3739 455 3792 et
470 3729 613 3814 sequenti
636 3727 689 3791 die
708 3728 787 3792 hora
801 3727 911 3791 eadem
933 3728 1028 3792 etiam
1049 3726 1089 3790 ali
1113 3748 1168 3790 uos
1183 3727 1309 3791 ademit.

210 3809 368 3875 Plurimos
390 3813 517 3897 quidem
541 3813 645 3893 varios
668 3820 699 3874 et
721 3812 815 3873 etiam
845 3809 984 3873 insolitos
1007 3749 1181 3873 difficilium
1203 3833 1308 3874 rerum

209 3903 338 3957 eventus
359 3916 417 3978 per
437 3892 520 3957 harre
535 3903 686 3964 aestatem
708 3892 1040 3975 exe1·eitusnoste1·‘in
1061 3890 1168 3957 multis
1190 3892 1306 3956 ibidem
1336 3939 1340 3948 -

206 3976 363 4041 sustinuit.
441 4027 448 4034 .

292 4155 314 4207 a)
331 4156 455 4199 disserite
508 4154 558 4207 ,b)
575 4157 666 4196 sucetslt
681 4166 698 4195 c.
766 4152 787 4205 c)
803 4133 1035 4194 Htmtlesetmeusisc
1117 4152 1140 4204 d)
1156 4159 1234 4211 sapato
1249 4164 1305 4192 corr.

177 4208 316 4255 'sabatae
376 4215 398 4267 a)
414 4216 468 4254 deest
484 4224 501 4252 c.
560 4215 714 4266 ouationem
730 4224 746 4252 c.
797 4211 829 4263 va)
845 4214 942 4252 trouttus
958 4224 975 4253 c.
1026 4209 1050 4260 h)
1067 4211 1107 4251 sed
1123 4213 1302 4273 -sustinuitin
1319 4228 1333 4255 ι
1408 4222 1418 4229 “

205 4271 247 4310 ima
259 4273 353 4322 popinae
365 4276 492 4324 partepart
507 4273 581 4313 addita
598 4273 702 4311 tutentur.
