3340 5150
334 429 367 476 10
610 383 781 475 'sanuses
802 394 1156 475 arunasusumnsss.

424 597 466 645 12.
505 596 602 645 Contra
622 610 687 660 quos
702 594 814 645 Karolns
834 597 931 646 auxilio
946 596 997 645 Dei
1017 595 1107 659 fretus.
1129 597 1341 647 Sarracenorum
1360 599 1450 649 infini-

330 677 383 721 tam
404 666 598 721 multitudinem
618 667 695 717 simul
716 684 774 717 cum
794 685 856 734 rege
877 686 964 719 eorum
985 671 1140 734 prostrauit,
1165 669 1339 735 devictisque
1363 672 1447 723 hosti·
1486 668 1490 671 ’

330 745 387 803 bus,
408 759 466 792 cnm
486 742 617 805 triumpho
637 740 793 803 regreditur.
1123 768 1127 771 -

424 816 464 863 13
505 814 615 863 liarolus
635 813 816 876 Burgundiam
836 824 936 879 petens,
957 812 1116 876 Lugdunum
1137 820 1162 862 et
1180 815 1308 866 civitates
1328 808 1448 881 reliquas

330 904 377 938 sue
398 887 510 937 ditionia
532 888 646 951 subegit
686 885 760 934 Beda
784 887 921 967 presbyter
946 887 1054 936 moritur
1078 902 1146 936 anno
1168 885 1232 936 730
1252 890 1446 939 incarnationis

332 962 448 1011 Domini.

409 1035 463 1083 1“4
504 1032 579 1081 Eudo
595 1031 645 1080 dux
660 1031 709 1080 bac
723 1038 882 1096 tempestate
896 1034 1013 1105 moritur
1046 1034 1104 1094 Quo
1118 1037 1228 1092 monuo,
1249 1031 1343 1082 carlus
1357 1032 1441 1095 Aqui·

331 1108 401 1156 tanie
422 1107 557 1170 regionem
579 1105 678 1168 absque
700 1104 770 1154 bello
772 1106 893 1175 recipit.

424 1178 465 1227 15
485 1177 582 1227 Karlns
593 1177 681 1225 navali
693 1162 832 1227 evectione
842 1178 988 1227 Freeonum
1000 1193 1110 1244 reguum
1121 1166 1278 1242 penetravit.
1289 1176 1444 1225 Interfectis

330 1253 499 1311 Fresonibus,
519 1251 672 1315 Popponem
694 1250 788 1299 ducem
808 1252 950 1311 interemit,
970 1249 1045 1300 lucos
1066 1257 1093 1300 et
1111 1250 1173 1298 iana
1192 1250 1328 1307 subvertit,
1354 1251 1443 1298 rictor

331 1341 389 1375 cum
409 1324 492 1390 preda
511 1339 607 1387 magna
626 1325 773 1373 revertitur.
1427 1344 1433 1351 ·

252 1399 319 1440 tto‘.
421 1399 575 1461 sarraceni,
608 1395 722 1445 collecta
751 1411 828 1447 manu
858 1393 963 1455 valida,
994 1394 1169 1445 Avinnionem
1197 1394 1288 1443 urbem
1322 1395 1441 1459 capiunt,

331 1471 453 1534 regiones
468 1471 673 1534 circumquaque
687 1474 831 1519 vastantes.
862 1467 998 1518 Adversus
1011 1483 1077 1533 quus
1088 1466 1203 1517 Carolus
1217 1481 1290 1515 arma
1302 1468 1443 1532 arripiens,

330 1543 363 1591 ad
388 1542 536 1627 predictam
556 1543 647 1591 urbem
675 1543 809 1591 occurrite
836 1541 937 1591 Civitas
963 1540 1113 1590 obsidione·
1120 1539 1231 1600 vallata,
1251 1540 1382 1589 machinis
1401 1541 1442 1587 in·

329 1620 444 1676 structis,
466 1616 524 1679 capi
527 1623 575 1676 tur,
596 1629 745 1679 magnaqur
765 1623 867 1678 strages
887 1613 1001 1663 hostiurn
1021 1612 1141 1662 eflicitur

419 1689 531 1737 Karolus
546 1689 690 1737 Gothorum
711 1687 775 1737 lines
795 1688 952 1752 penetrarit,
972 1686 1123 1736 Narbonem
1138 1683 1251 1746 obsedit,
1270 1674 1333 1748 rege
1348 1684 1441 1735 Sarra-

330 1776 455 1812 cenorum
476 1762 589 1810 Athima
603 1763 672 1809 intus
693 1760 804 1809 incluso.

291 1828 297 1837 '
419 1835 586 1884 Sarraceui
579 1850 605 1881 in
620 1835 750 1907 Hispania
770 1834 814 1897 qui
835 1831 1091 1882 commorabantur¹
1083 1846 1110 1879 m
1129 1832 1229 1880 vicinia
1246 1831 1314 1880 baec
1331 1828 1441 1879 audien-

246 1922 248 1925 ’
329 1920 376 1969 tes,
397 1909 490 1956 armati
511 1923 568 1955 curn
590 1922 651 1966 rege
672 1923 718 1954 sno
740 1912 887 1955 occurrunt.

419 1980 517 2029 Contra
537 1995 601 2043 qnos
622 1978 734 2028 Karalus
754 1978 897 2039 dimicans,
923 1992 1013 2043 regern
1033 1992 1092 2026 cum
1112 1975 1210 2041 populo
1230 1991 1277 2026 sno
1299 1972 1441 2034 interficit5

328 2054 373 2117 qui
393 2048 512 2116 gladium
533 2053 645 2101 evadere
666 2058 796 2117 poterant,
822 2052 940 2101 ascensis
959 2050 1080 2111 naribus,
1103 2051 1132 2097 in
1151 2063 1223 2097 mure
1243 2048 1349 2097 dimersi
1370 2054 1442 2108 sunt,

328 2126 439 2175 Francis
465 2141 543 2190 super
564 2141 608 2174 eos
630 2141 687 2173 crim
715 2125 826 2175 navibus
847 2129 874 2173 et
892 2118 988 2173 iaculis
1006 2121 1205 2198 infestantibn83
1229 2123 1321 2186 sicque
1341 2120 1441 2169 Franci

329 2198 362 2247 de
383 2198 507 2248 hostibus·
522 2184 721 2262 triumphantes,
741 2197 850 2262 predam
870 2211 993 2260 magnam
1014 2202 1040 2245 et
1051 2193 1223 2276 captivorum
1243 2191 1465 2249 multitudinem,
1533 2204 1541 2209 “
1613 2188 1614 2191 '

330 2286 361 2319 ca
380 2272 447 2320 innt.

362 2288 379 2337 p
419 2343 564 2405 Hegionem
580 2343 703 2391 Gothiam
723 2342 853 2406 urbesque
873 2342 1069 2400 famosissimas,
1089 2340 1258 2404 Nemausum,
1278 2343 1392 2403 Agatern
1416 2347 1442 2388 et

280 2424 283 2435 '
328 2414 442 2480 reliquas
464 2416 578 2478 capiunt,
599 2415 738 2464 destructis
760 2416 870 2463 moeniis
889 2429 972 2479 usquc
992 2413 1026 2461 ad
1045 2412 1224 2462 fundamenta.

420 2487 531 2536 Kurolns
552 2488 702 2538 tributarios
722 2489 786 2537 lecit
805 2487 932 2537 Saxones.

421 2559 533 2609 Karalus
554 2562 580 2608 in
595 2563 729 2624 regionem
748 2561 901 2610 Provintiae
920 2559 1076 2623 ingreditur,
1095 2558 1185 2621 fugato
1206 2559 1274 2608 duce
1290 2559 1442 2623 Mauronto,

329 2636 373 2697 qni
393 2633 554 2683 Sarracenos
574 2650 621 2697 per
640 2633 728 2682 dolum
749 2635 801 2682 iarn
822 2633 920 2682 dudum
941 2635 1107 2691 invitaverat,
1134 2637 1254 2680 cunctam
1275 2633 1440 2684 Prorintiam

328 2713 355 2755 et
373 2707 505 2755 maritima
526 2705 570 2753 illa
592 2707 650 2754 loca
664 2720 732 2756 snae
754 2707 847 2756 ditioni
867 2707 981 2770 subegit,
1001 2713 1027 2754 et
1046 2706 1188 2753 Frexones.

419 2778 539 2835 Karolus‚
561 2779 653 2827 Gothis
674 2781 812 2843 superatis,
833 2779 981 2828 Saxonibus
998 2779 1125 2833 subactis,
1145 2777 1299 2827 Sarracenis
1313 2779 1441 2844 expulsis,

327 2852 468 2901 Provintiis
488 2853 610 2915 receptis,
630 2867 740 2914 regnum
760 2852 921 2901 Francorum
941 2844 1075 2900 feliciterb
1101 2848 1253 2924 possidens,
1278 2854 1386 2900 moritur
1413 2856 1441 2904 in

288 2948 293 2951 ⁷
327 2925 391 2973 villa
411 2924 705 2988 ,sublimen-remmia,
725 2939 794 2972 antro
816 2925 877 2972 741
899 2924 1089 2973 incarnationis
1109 2914 1255 2984 dominice,
1281 2931 1439 2989 postquem

330 2997 380 3048 duo
401 2998 477 3046 liberi
497 2998 553 3045 eius
573 3004 683 3061 regnant
702 3012 761 3045 ann.
784 2997 827 3043 07

257 3077 319 3121 tul.
421 3069 612 3119 Carlomannus
633 3086 692 3119 curu
713 3071 791 3118 fratre
811 3069 924 3134 Pippino
944 3071 1067 3134 regnavit
1084 3084 1144 3117 ann.
1165 3069 1189 3118 7.

402 3141 611 3192 .Carlonrannus
632 3149 658 3191 et
678 3143 805 3207 Pippinus
824 3142 975 3191 linnoldum
1001 3158 1042 3190 res
1067 3142 1326 3191 novas-molientem
1351 3147 1441 3208 oppri-

328 3221 410 3272 munt,
431 3222 457 3264 et
477 3215 502 3261 in
523 3215 580 3278 ipso
600 3217 694 3264 itinere
708 3230 816 3278 regnum
831 3216 899 3264 inter
912 3231 949 3275 se,
969 3214 1030 3279 quid
1046 3217 1156 3279 quisque
1171 3215 1288 3274 liaberet,
1308 3214 1440 3267 dividunt.

419 3287 469 3335 Per
495 3285 565 3335 idem
593 3295 697 3353 tempus
722 3288 868 3336 rebellante
894 3287 1060 3337 Theotbuldo
1086 3282 1298 3336 Carlomannusd
1324 3293 1441 3340 vastarit

327 3359 503 3409 alamaniam.

389 3430 610 3480 Carlomannus
630 3440 656 3481 et
669 3433 824 3521 Pippinus
817 3449 843 3480 in
857 3433 1007 3482 Baioariam
1029 3434 1173 3481 exercitum
1194 3430 1293 3480 ducunt
1311 3432 1440 3515 adversus

327 3472 518 3554 Uodilonem⁰

292 3620 299 3629 ,
421 3572 613 3626 Oarlo'mannus
638 3578 764 3627 adsersus
790 3576 907 3627 Saranes
938 3577 1047 3625 dimicat
1078 3585 1103 3625 et
1139 3582 1253 3626 castrum
1280 3576 1440 3645 Onscburgl

327 3652 406 3716 capit.

418 3720 588 3778 Boneiecius‚
608 3722 648 3769 sir
667 3728 773 3771 sanctus
794 3721 827 3770 de
847 3737 944 3786 genere
964 3722 1118 3785 auglorum,
1139 3722 1244 3785 legatus
1264 3725 1439 3775 Germanicus

326 3796 463 3845 Romanae
478 3793 620 3854 ecclesiae,
639 3794 825 3859 Magantiacae
840 3797 956 3845 civitatis
970 3797 1110 3860 episcopus
1124 3796 1267 3845 ordinatur.
1307 3797 1357 3856 Qui
1377 3814 1440 3862 pre·

327 3867 460 3919 dicatione
474 3883 522 3916 sua
535 3864 632 3915 multos
651 3868 762 3931 populos
775 3867 977 3932 Thuringorum‚
996 3867 1151 3933 Bessorum,
1169 3883 1271 3916 necnon
1292 3876 1318 3917 et
1330 3869 1440 3919 Austra-

328 3941 425 3989 siorum
450 3938 484 3988 ad
509 3938 588 3988 fidem
608 3946 709 3989 rectam
730 3946 756 3988 et
775 3937 944 3991 christianam
964 3938 1135 4009 religionem,
1162 3954 1178 3987 a
1197 3956 1249 4003 qua
1268 3940 1314 3989 diu
1333 3941 1439 3992 aberra-

328 4019 429 4073 verant,
451 4014 589 4065 couvertit.
629 4012 681 4061 Sed
703 4018 728 4060 et
748 4016 907 4062 monasteria
926 4012 1116 4075 monachorum
1136 4027 1170 4061 ac
1189 4014 1319 4077 virginum
1339 4016 1440 4080 primus

327 4088 354 4134 in
373 4084 492 4151 partibus
511 4086 632 4134 Austriae
653 4099 760 4134 exorsus
781 4091 829 4133 est.
867 4086 928 4150 Ipse
948 4087 975 4135 in
995 4093 1081 4135 castro
1101 4085 1252 4150 Wirciburg
1271 4086 1361 4136 eedem
1383 4090 1439 4154 epi·

327 4157 463 4225 scopalem
479 4158 650 4219 constituens,
663 4164 795 4207 annuente
804 4155 963 4213 carlmanno
974 4165 1001 4207 et
1017 4160 1175 4208 auctoritate
1186 4160 1325 4224 apostolici
1341 4175 1439 4226 papae.

355 4260 368 4285 θ
415 4255 437 4306 a)
453 4256 552 4294 dictione
567 4268 585 4295 c.
646 4258 669 4303 b)
687 4257 812 4297 ielitlterc.
874 4254 895 4304 c)
911 4256 998 4307 pullica
1013 4267 1030 4295 c.
1085 4254 1107 4305 dl
1125 4255 1221 4296 Callom.
1235 4269 1255 4309 c.
1308 4258 1331 4307 e)
1347 4258 1403 4298 t'ed.
1419 4248 1469 4301 cs

326 4316 345 4364 f)
361 4318 391 4354 ita
405 4327 447 4365 pro
464 4314 546 4355 onere.
562 4326 581 4352 c.
