3340 5150
344 473 380 521 45
482 478 485 485 ·
630 469 795 522 anninus
814 435 1171 522 manasnmuansas.

345 638 557 707 firmationem
572 637 742 719 accipiens,
765 634 917 698 discessit.
954 626 1203 716 InderenersuS,
1220 634 1456 700 constantiensi

347 720 470 805 synodo
492 719 591 799 affuit,
613 718 668 782 ubi
692 719 813 780 cunctis
834 716 942 780 debita
956 716 1084 798 dimisit,
1106 716 1336 803 destructisque
1349 720 1457 783 ,omni-

275 807 409 877 rsabus
430 801 612 881 inimicitiis,
633 821 745 884 pacem
766 799 918 865 hactenus
940 799 1114 862 inauditam
1129 801 1242 863 tam-in
1256 810 1322 865 tota
1337 801 1458 865 Suevia
1520 848 1526 857 .

275 943 285 958 .
347 907 444 971 quarn
466 886 499 947 in
520 881 589 945 aliis
605 883 654 945 sui
675 883 765 967 regni
786 883 958 966 provintiis
980 882 1217 1027 reqiacensura
1237 905 1295 968 per
1316 883 1456 947 edictum

348 966 557 1032 confirmavit.
600 964 727 1028 Deinde
748 962 904 1048 Agneten,
925 960 1020 1027 Wille
1045 963 1118 1027 elmi
1138 965 1347 1029 Pictaviensis
1372 968 1458 1051 prin-

347 1051 428 1135 cipis
450 1048 558 1129 filiam,
580 1049 721 1144 reginam
743 1047 833 1130 apud
851 1047 1047 1128 Mogontiam
1069 1048 1168 1131 ungui
1189 1047 1318 1129 faciens,
1347 1048 1459 1131 regali-

347 1134 407 1198 bus
436 1130 498 1195 sibi
526 1131 646 1215 nuptiis
673 1131 706 1191 in
728 1127 971 1213 Hingelenheim
993 1130 1168 1214 copulavit,
1197 1131 1281 1195 unde
1296 1130 1472 1211 ⁴infinitam,
1538 1132 1543 1142 “

347 1215 536 1280 histrionum
558 1221 590 1276 et
609 1213 820 1276 ioculatorum
841 1209 1085 1287 multitudinem<
1106 1212 1174 1277 sine
1203 1212 1275 1277 cibo
1298 1222 1330 1278 et
1350 1234 1460 1277 mune·
1571 1238 1586 1252 ··

347 1297 436 1362 ribus
450 1317 585 1360 vacuam
601 1305 632 1359 et
645 1304 817 1359 merentem
832 1294 918 1358 abire
929 1294 1084 1391 permisit.
1116 1294 1292 1380 Liupoldus
1306 1294 1459 1378 marchio,

348 1376 515 1445 Adalberti
538 1377 631 1457 filius,
653 1378 794 1439 maxima
816 1377 1030 1460 Ungarrorurn
1052 1374 1169 1458 clades,
1190 1380 1347 1443 inmature
1370 1379 1458 1443 obiit.
1552 1428 1556 1433 -

350 1464 581 1550 [Thietmarusa
603 1483 620 1523 e
644 1459 771 1544 iscopus
794 1458 887 1539 obiit3
911 1459 1072 1523 Azellinus
1086 1456 1276 1545 ‘eleeiturh⁴
1312 1525 1314 1530 ,
1413 1462 1416 1463 ’

306 1557 308 1562 “
336 1562 338 1565 ·
430 1543 501 1608 Ind.
527 1545 579 1620 13,
604 1483 694 1605 1045.
737 1541 906 1604 Heinricus
935 1556 996 1604 rex
1023 1543 1122 1620 terciq
1143 1510 1329 1632 l'annonias
1358 1545 1459 1609 iratus

348 1636 539 1720 ingrediens,
561 1630 625 1695 ·Dei
645 1634 772 1695 favente
788 1631 963 1713 clementia,
977 1642 1017 1696 et
1031 1633 1124 1697 beato
1141 1632 1292 1698 Odalrico
1308 1635 1459 1720 episcopo

349 1720 549 1802 impetrante,
571 1714 806 1791 victoriacum,
829 1714 975 1779 Ovonem
998 1736 1070 1778 cum
1092 1738 1192 1781 uxore
1207 1727 1239 1781 et
1260 1716 1332 1781 filiis
1346 1739 1461 1802 cogna-

348 1803 467 1886 tisque,
501 1797 617 1883 quibus
644 1795 733 1860 locus
750 1796 913 1862 'evadendi
935 1807 1017 1877 erat,
1044 1798 1213 1882 effirgabat
1266 1801 1396 1864 Petrum
1428 1803 1461 1863 in
1541 1842 1544 1845 ι

309 1908 311 1913 ·
344 1904 483 1968 regnum
504 1880 658 1961 restituit,
681 1879 872 1964 subditoque
894 1879 955 1944 sibi
970 1880 1184 1967 Ungariorurn
1206 1896 1314 1968 regno,
1330 1903 1461 1946 summo

301 1993 305 2000 ·
348 1982 423 2029 cum
444 1964 564 2027 honore
586 1963 761 2026 revertitur.
947 2038 950 2045 .

431 2046 502 2110 Ind.
521 2048 569 2127 14,
595 2046 684 2109 1046.
716 2043 898 2124 4Η51511555
913 2066 972 2109 rex
986 2045 1112 2119 Italiam
1128 2048 1305 2132 ingressus,
1326 2047 1461 2133 pacifice

307 2203 310 2208 ,
350 2154 370 2195 5
384 2130 537 2196 Romanis
552 2128 737 2212 suscipitur;
760 2150 860 2214 papas
882 2137 946 2191 tres
968 2150 1033 2192 non
1054 2128 1150 2213 digne
1166 2131 1355 2194 constitutos
1369 2152 1462 2215 syno-

350 2212 462 2278 daliter
493 2211 641 2296 deposuit
667 2220 699 2274 et
722 2209 932 2295 Suidegerurn
953 2210 1254 2296 Babenbergensem
1275 2209 1461 2298 episcopum

373 2307 468 2381 'apam
491 2293 662 2373 constituit,
684 2294 694 2355 i
720 2314 817 2377 seque
839 2303 870 2365 et
885 2294 1003 2357 coniux
1019 2294 1086 2357 eius
1101 2294 1211 2379 Agnes
1226 2297 1336 2379 regina
1351 2296 1460 2360 eadem

349 2319 402 2443 die
424 2374 579 2462 imperiali
602 2375 683 2439 bene
707 2375 822 2455 icti'one
844 2374 1064 2438 sublimantur.

433 2458 504 2524 Ind.
529 2457 692 2538 15,1047.
734 2458 856 2521 Petrus
876 2480 935 2521 rex
956 2459 1171 2542 Ungariorum
1200 2482 1219 2523 a
1248 2461 1387 2546 quodam
1415 2471 1462 2546 ty·

350 2564 451 2608 ranno
472 2540 657 2615 Pannonico
680 2541 793 2625 captus
815 2548 846 2603 et
868 2551 1029 2622 caecatus,
1050 2539 1102 2605 ille
1125 2542 1278 2627 quireum,
1297 2543 1462 2629 enptderat

349 2647 484 2710 regnare
512 2623 627 2709 coepit.
678 2622 871 2708 Suidegerus
897 2644 983 2709 papa
1009 2625 1088 2689 obiit
1119 2624 1231 2689 eodem
1260 2648 1322 2710 quo
1350 2628 1464 2690 consti·
1510 2628 1512 2631 ’

261 2717 263 2720 ’
318 2711 451 2774 tuitur
471 2728 568 2787 ann03
590 2727 650 2791 pro
666 2728 728 2791 qno
743 2706 813 2790 Bop
840 2728 860 2769 5
874 2705 1044 2771 ordinatur.
1089 2706 1188 2778 Ottho
1203 2706 1270 2772 dux
1286 2709 1463 2775 Suevorum

352 2793 446 2872 obiit3
468 2811 526 2875 pro
549 2811 612 2874 quo
635 2788 733 2853 Ottho
755 2789 794 2853 de
815 2730 991 2853 buinvurdi
1014 2791 1160 2856 surrexit.

435 2871 506 2936 Ind.
531 2875 558 2954 1,
583 2872 673 2937 1048.
716 2872 786 2958 Bop
812 2894 832 2934 o
851 2892 894 2956 pa
917 2895 937 2935 a
958 2873 1037 2937 obiit
1057 2895 1141 2937 anno
1162 2896 1226 2971 quo
1248 2874 1462 2955 constituitur3

275 2978 412 3042 asopo
434 2976 497 3040 quo
519 2954 639 3036 Bruno,
664 2954 772 3039 quiet
823 2977 871 3035 eo,
893 2895 1089 3019 l’ullensium
1112 2966 1360 3041 anhstes,·papa
1382 2955 1463 3020 ordi-
1492 3028 1497 3035 ,

353 3051 456 3104 natur.
493 3037 669 3101 ‘Heinricus
690 3038 864 3121 imperator
884 3039 1034 3107 nascitur.

433 3120 504 3185 Ind.
527 3121 555 3199 3,
580 3120 670 3183 1050.
713 3120 832 3184 Bartho
847 3121 1106 3207 archiepiscopus
1122 3119 1217 3204 55111,
1231 3127 1297 3208 'pro
1313 3144 1375 3208 quo
1389 3121 1463 3186 Liu-

352 3203 468 3291 poldus
491 3203 665 3267 ordinatur.
1215 3206 1219 3216 “

435 3286 507 3349 Ind.
522 3284 665 3367 6,·1053.
707 3285 773 3350 Leo
794 3307 880 3371 papa
901 3287 1077 3351 exereitum
1098 3288 1219 3353 ducens
1240 3310 1298 3372 per
1311 3285 1463 3374 Apuliam

353 3378 466 3433 contra
485 3369 719 3450 Nortmannos,
738 3368 862 3432 infinita
881 3370 1051 3468 utrobique
1074 3370 1150 3433 cede
1171 3380 1311 3455 peracta,
1340 3370 1462 3455 absque

352 3453 488 3517 victoria
509 3451 695 3536 regreditur,
719 3450 786 3597 {etl
807 3455 836 3516 2.
857 3451 928 3516 Kal.
951 3453 1024 3515 Iuhi
1047 3452 1173 3540 eo]dem
1195 3474 1277 3516 anno
1299 3452 1387 3517 obiit.

338 3557 340 3561 ’
431 3535 675 3617 ιΙ5(1.7·,1054.
747 3536 818 3598 eoni
838 3557 880 3619 pa
903 3557 941 3598 ae
964 3534 1188 3617 Gebehardus,
1215 3538 1270 3622 qui
1292 3543 1323 3600 et
1343 3534 1498 3616 Victor?
1534 3596 1535 3599 ,

354 3620 522 3704 successit
560 3615 766 3681 Athalbertus
793 3558 936 3682 marchio
969 3618 1056 3682 obiit.
1099 3618 1214 3682 Fames
1246 3641 1364 3703 magna
1394 3618 1463 3687 fuit

352 3700 444 3765 Welf
461 3701 530 3765 dux
546 3698 785 3764 Oarinthiorum
807 3701 894 3766 obiit.
940 3699 1107 3765 Odnradus
1130 3700 1197 3764 dux
1218 3713 1312 3766 antea
1329 3700 1464 3764 Noricus

353 3783 404 3847 ab.
427 3786 617 3869 imperatore
651 3781 803 3869 expulsus
810 3810 831 3866 ,·
851 3785 886 3846 in
909 3784 1076 3848 Pannonia
1107 3784 1183 3847 exul
1214 3783 1296 3849 male
1322 3783 1481 3869 moritur.

353 3865 457 3930 Hezil
470 3884 576 3931 ¹comes
591 3865 630 3930 de
647 3866 888 3931 Oberestenvelt
916 3866 995 3931 obiit
1016 3869 1045 3933 6.
1059 3865 1132 3929 Kal.
1147 3866 1243 3947 Febr.
1287 3864 1465 3953 [Azelinusa

355 3949 641 4035 episcopusobiit,
665 3948 788 4013 Hettelo
810 3949 958 4038 eligitur}
1017 4009 1024 4017 .
1311 3990 1314 3994 ss

438 4033 508 4096 Ind.
530 4034 566 4112 8,
595 4032 685 4094 1055.
728 4031 944 4096 Herimannus
976 4030 1173 4097 coloniensis
1205 4031 1465 4118 archiepiscopus
1558 4063 1560 4067 ·

357 4114 451 4198 55111,
473 4136 533 4200 pro
556 4134 618 4199 quo
642 4112 777 4177 domnus
800 4113 894 4179 Anno
918 4115 1089 4179 ordinatur.
1168 4190 1174 4198 ¹

388 4287 394 4295 ·
444 4275 467 4327 a)
483 4277 517 4315 hie
532 4275 595 4314 inuio
610 4274 666 4314 anni
680 4272 710 4313 ἀα
725 4277 841 4324 marytrum
855 4277 947 4325 scriptio,
969 4289 995 4321 aa
1010 4288 1065 4327 quae
1079 4276 1155 4316 rutero
1171 4275 1262 4326 obliquis
1277 4274 1418 4324 expressam
1432 4273 1468 4313 ab·
1499 4310 1501 4315 ,
1535 4295 1538 4300 -

355 4336 411 4375 setta
426 4341 484 4377 aum.
546 4332 570 4386 b)
587 4334 618 4373 ita
633 4344 700 4372 manu
715 4344 733 4375 s.
749 4333 797 4374 XV.
813 4335 837 4372 ta
852 4334 898 4373 loco
913 4346 984 4379 ruso,
